=LDR  01675cam a2200361 i 4500
=001  ocm04128858
=003  NNU
=005  20150608091945.5
=008  150225s2015\\\\ua\\\\\\\b\\\\000\0\ara\d
=040  \\$aLEILA$beng$erda$cLEILA$dIUL$dOCLCA
=066  \\$c(3
=020  \\$a9789771029519
=020  \\$a9771029517
=050  \4$aKBP184.A32$bY878 2015
=049  \\$aZYUU
=100  1\$6880-01$aYūsuf, ʻAbd al-Razzāq Jāmiʻ,$eauthor.
=245  10$6880-02$aTaḥrīr maḥall al-nizāʻ fī ikhtilāf al-fuqahāʼ wa-atharuh fī al-fiqh al-Islāmī :$bal-ʻibādāt /$cʻAbd al-Razzāq Jāmiʻ Yūsuf.
=250  \\$6880-03$aal-Ṭabʻah al-ūlá.
=264  \1$6880-04$aMadīnat Naṣr, al-Qāhirah :$bDār al-Fikr al-ʻArabī,$c2015.
=300  \\$a532 pages ;$c25 cm
=336  \\$atext$2rdacontent
=337  \\$aunmediated$2rdamedia
=338  \\$avolume$2rdacarrier
=504  \\$aIncludes bibliographical references (pages 509-517).
=520  \\$aCustoms and practices; Islamic law; interpretation and construction.
=650  \0$aIslam$xCustoms and practices.
=650  \0$aIslamic law$xInterpretation and construction.
=852  0\$aNNU$bBOBST$cMAIN$hKBP184.A32$iY878 2015$p31142058152375
=880  1\$6100-01/(3/r$aيوسف، عبد الرزاق جامع.
=880  10$6245-02/(3/r$aتحرير محل النزاع في اختلاف الفقهاء وأثره في الفقه الإسلامي :$bالعبادات /$cعبد الرزاق جامع يوسف.
=880  \\$6250-03/(3/r$aالطبعة الأولى.
=880  \1$6264-04/(3/r$aمدينة نصر، القاهرة :$bدار الفكر العربي،$c2015.
=938  \\$aLeila Books$bLEIL$n70149

