=LDR  01739nam a2200313 i 4500
=001  ocm04123262
=003  NNU
=005  20150923041424.0
=008  150923s2013\\\\iq\ab\\\\\\\\\000\0\ara\d
=040  \\$aNNU$beng$erda$cTEF
=066  \\$c(3
=035  \\$a(OCoLC)921939582
=043  \\$aa-iq---
=050  \4$aDS79.9.H55$bH569 2013
=049  \\$aZYUU
=100  1\$6880-01$aḤimyarī, ʻAbd al-Riḍā,$eauthor.
=245  10$6880-02$aLamaḥāt min tārīkh al-Ḥillah :$baḍwāʼ ʻalá aḥdāth murrat ʻalá al-Ḥillah badʼ min al-tamṣīr sanat 495 H/1101 M wa-ḥattá qabīl qiyām al-ḥilm al-waṭanī fīʻal-Irāq fī 18 Dhī al-Ḥijjah 1339 H-1921 M /$cʻAbd al-Riḍā ʻAbbūd ʻAbd Allāh al-Ḥimiyarī.
=264  \1$6880-03$aBaghdād :$bal-Maktabah al-Waṭanīyah lil-Fahrasat Athnā al-Nashr,$c2013.
=300  \\$a425 pages :$billustrations (some color), maps ;$c24 cm
=336  \\$atext$btxt$2rdacontent
=337  \\$aunmediated$bn$2rdamedia
=338  \\$avolume$bnc$2rdacarrier
=504  \\$aIncludes bibliographical references.
=651  \0$aḤillah (Iraq)$xHistory.
=852  0\$aNNU$bBOBST$cMAIN$hDS79.9.H55$iH569 2013$p31142058152623
=880  1\$6100-01/(3/r$aحميري، عبد الرضا،$eauthor.
=880  10$6245-02/(3/r$aلمحات من تاريخ الحلة :$bاضواء على احداث مرت على الحلة بدأ من التمصير سنة 495 هـ/1101 م وحتى قبيل قيام الحلم الوطني في العراق في 18 ذي الحجة 1339 هـ-1921 م /$cعبد الرضا عبود عبد الله الحميري.
=880  \1$6264-03/(3/r$aبغداد :$bالمكتبة الوطنية للفهرسة اثنا النشر،$c2013.
=994  \\$aC0$bTEF

