=LDR  01357nam a2200325 i 4500
=001  ocm04123272
=003  NNU
=005  20150923010247.0
=008  150923s2008\\\\iq\\\\\\\b\\\\001\0dara\d
=040  \\$aNNU$beng$erda$cTEF
=066  \\$c(3$c(4
=035  \\$a(OCoLC)921935006
=050  \4$aDS79.6.Z255$bG434 2008
=049  \\$aZYUU
=100  1\$6880-01$aGhafūr, Dārā Jamāl,$eauthor.
=245  10$6880-02$aMuḥammad Amīn Zakī wa-dawruhu al-siyāsī wa-al-idārī fī al-ʻIrāq, 1924-1948 /$bDārā Jamāl Ghafūr.
=264  \1$6880-03$aal-Sulaymānīyah :$bBinkey Jîn,$c2008.
=300  \\$a172 pages ;$c21 cm
=336  \\$atext$btxt$2rdacontent
=337  \\$aunmediated$bn$2rdamedia
=338  \\$avolume$bnc$2rdacarrier
=504  \\$aIncludes bibliographical references (pages 149-158) and index.
=600  10$6880-04$aZakī, Muḥammad Amīn.
=650  \0$aPoliticians$zIraq.
=852  0\$aNNU$bBOBST$cMAIN$hDS79.6.Z255$iG434 2008$p31142058152441
=880  1\$6100-01/(3/r$aغفور، دارا جمال،$eauthor.
=880  10$6245-02/(3/r$aمحمد امين زكي ودوره السياسي والاداري في العراق، 1924-1948 /$bدارا جمال غفور.
=880  \1$6264-03/(3/r$aالسليمانية :$bبنکه‌ى ژين،$c2008.
=880  14$6600-04/(3/r$aزكي، محمد امين.
=994  \\$aC0$bTEF

