=LDR  01852nam a2200349 i 4500
=001  ocm04123291
=003  NNU
=005  20150924105534.0
=008  150924s2012\\\\iq\\\\\\\b\\\f000\0\ara\d
=040  \\$aNNU$beng$erda$cTEF
=066  \\$c(3
=035  \\$a(OCoLC)921999644
=050  \4$aPJ8031$b.M849 2012
=049  \\$aZYUU
=100  1\$6880-01$aMuḥyī al-Dīn, Muḥammad Ḥasan Kāẓim,$eauthor.
=245  13$6880-02$aal-Maʻārik wa-al-khaṣūmāt al-adabīyah fī al-ʻIrāq fī al-qurūn al-thālithah al-akhīrah (1700-2000 M) wa-atharuhā fī al-ḥarakah al-adabīyah /$cal-Duktūr Muḥammad Ḥasan Kāẓim Muḥyī al-Dīn.
=250  \\$6880-03$aal-Ṭabʻah al-ūlá.
=264  \1$6880-04$aBaghdād :$bWizārat al-Thaqāfah,$c2012.
=300  \\$a432 pages ;$c24 cm
=336  \\$atext$btxt$2rdacontent
=337  \\$aunmediated$bn$2rdamedia
=338  \\$avolume$bnc$2rdacarrier
=500  \\$6880-05$a"Min iṣdārāt mashrūʻ Baghdād ʻāṣimat al-thaqāfah al-ʻArabīyah 2013."
=504  \\$aIncludes bibliographical references (pages 418-431).
=650  \0$aArabic literature$zIraq$xHistory and criticism.
=852  0\$aNNU$bBOBST$cMAIN$hPJ8031$i.M849 2012$p31142058152482
=880  1\$6100-01/(3/r$aمحيي الدين، محمد حسن كاظم،$eauthor.
=880  12$6245-02/(3/r$aالمعارك والخصومات الادبية في العراق في القرون الثالثة الاخيرة (1700-2000 م) واثرها في الحركة الادبية /$cالدكتور محمد حسن كاظم محيي الدين.
=880  \\$6250-03/(3/r$aالطبعة الأولى.
=880  \1$6264-04/(3/r$aبغداد :$bوزارة الثقافة،$c2012.
=880  \\$6500-05/(3/r$a"من اصدارات مشروع بغداد عاصمة الثقافة العربية 2013."
=994  \\$aC0$bTEF

