=LDR  01553cam a2200361 i 4500
=001  ocm04123270
=003  NNU
=005  20150923102014.0
=008  140515s2013\\\\iq\\\\\\\\\\\\000\0\ara\\
=010  \\$a  2014337548
=040  \\$aDLC$beng$erda$cDLC$dOCLCO$dOCLCF$dTEF
=066  \\$c(3
=035  \\$a(OCoLC)910964522
=042  \\$alcode$apcc
=050  \4$aCT3990.A59$bM343 2013
=049  \\$aZYUU
=245  00$6880-01$aMaḥaṭṭāt min ḥayāt wa-fikr Hādī al-ʻAlawī /$ciʻdād wa-taḥrīr Māzin Laṭīf.
=264  \1$6880-02$aBaghdād :$bDār Mīzūbūtāmyā lil-Ṭibāʻah wa-al-Nashr wa-al-Tawzīʻ,$c2013.
=300  \\$a156 pages ;$c22 cm
=336  \\$atext$btxt$2rdacontent
=337  \\$aunmediated$bn$2rdamedia
=338  \\$avolume$bnc$2rdacarrier
=520  \\$aArab authors; ʻAlawī, Hādī; Iraq; criticism.
=600  10$aʻAlawī, Hādī$xCriticism and interpretation.
=650  \0$aIntellectuals$zArab countries.
=651  \0$aArab countries$xIntellectual life$y20th century.
=600  17$aʻAlawī, Hādī.$2fast$0(OCoLC)fst00144733
=700  1\$6880-03$aLaṭīf, Māzin,$d1973-$eeditor.
=852  0\$aNNU$bBOBST$cMAIN$hCT3990.A59$iM343 2013$p31142058152755
=880  00$6245-01/(3/r$aمحطات من حياة وفكر هادي العلوي /$cإعداد وتحرير مازن لطيف.
=880  \1$6264-02/(3/r$aبغداد :$bدار ميزوبوتاميا للطباعة والنشر والتوزيع،$c2013.
=880  1\$6700-03/(3/r$aلطيف، مازن،$eeditor.
=994  \\$aC0$bTEF

