=LDR  02744nam a2200445 i 4500
=001  ocm04123289
=003  NNU
=005  20150923012705.0
=008  150923s2013\\\\iq\h\\\\\\\\\\000\0cara\d
=040  \\$aNNU$beng$erda$cTEF
=066  \\$c(3
=035  \\$a(OCoLC)921935568
=050  \4$aP83$b.S893 2013
=049  \\$aZYUU
=100  1\$6880-01$aSuwayrī, Muḥammad Faqī Rasūl,$eauthor.
=245  10$6880-02$aMashāhīr ahl al-lughah min kitāb Masālik al-abṣār fī mamālik al-amṣār li-Shihāb al-Dīn Aḥmad ibn Yaḥyá ibn Faḍl Allāh al-ʻUmarī 700-749 H/1301-1349 M /$cdirāsat wa-taḥqīq Muḥammad Faqī Rasūl al-Suwayrī.
=246  18$aMashāhīr ahl al-lughah
=246  1\$iTitle on page [4] of cover:$aFamous lingusistes in the book Mesalek Alabsar fi memalk alamsar by Shehab Alddin 700-749/1301-1349 M
=246  30$aFamous lingusistes
=246  3\$aFamous linguists
=250  \\$6880-03$aal-Ṭabʻah al-ūlá.
=264  \1$6880-04$aBaghdād :$bJumhūrīyat al-ʻIrāq, Dīwān al-Waqf al-Sunnī, Dāʼirat al-Buḥūth wa-al-Dirāsāt,$c2013.
=300  \\$a237 pages :$bfacsimiles ;$c24 cm
=336  \\$atext$btxt$2rdacontent
=337  \\$aunmediated$bn$2rdamedia
=338  \\$avolume$bnc$2rdacarrier
=490  1\$6880-05$aSilsilat al-dirāsāt al-Islāmīyah al-muʻāṣirah ;$v114
=504  \\$aIncludes bibliographical references (p. 211-216) and indexes.
=650  \0$aLinguists$zIslamic Empire.
=700  1\$6880-06$aIbn Faḍl Allāh al-ʻUmarī, Aḥmad ibn Yaḥyá,$d1301-1349.$tMasālik al-abṣār fī mamālik al-amṣār.
=830  \0$6880-07$aSilsilat al-dirāsāt al-Islāmīyah al-muʻāṣirah ;$v114.
=852  0\$aNNU$bBOBST$cMAIN$hP83$i.S893 2013$p31142058152565
=880  1\$6100-01/(3/r$aسويري، محمد فقي رسول،$eauthor.
=880  10$6245-02/(3/r$aمشاهير اهل اللغة من كتاب مسالك الابصار في ممالك الامصار لشهاب الدين احمد بن يحيى بن فضل الله العمري 700-749 هـ/1301-1349 م /$cدراسة وتحقيق محمد فقي رسول السويري.
=880  \\$6250-03/(3/r$aالطبعة الأولى.
=880  \1$6264-04/(3/r$aبغداد :$bجمهورية العراق، ديوان الوقف السني، دائرة البحوث والدراسات،$c2013.
=880  1\$6490-05/(3/r$aسلسلة الدراسات الاسلامية المعاصرة ؛$v114
=880  1\$6700-06/(3/r$aابن فضل الله العمري، احمد بن يحيى.$tمسالك الابصار في ممالك الامصار.
=880  \0$6830-07/(3/r$aسلسلة الدراسات الاسلامية المعاصرة ؛$v114.
=994  \\$aC0$bTEF

