=LDR  02009cam a2200409 i 4500
=001  ocm04123264
=003  NNU
=005  20150923102505.0
=008  150429s2010\\\\iq\\\\\\\b\\\\000\0\ara\d
=040  \\$aCLU$beng$erda$cCLU$dCLU$dOCLCF
=066  \\$c(3
=035  \\$a(OCoLC)908169929
=043  \\$aa-ir---
=050  \4$aDS324.L8$bD39 2010
=049  \\$aZYUU
=100  1\$6880-01$aDāwudī, Ramaḍān Sharīf,$eauthor
=245  10$6880-02$aLūristān al-kubrá :$bdirāsah fī aḥwālihā al-siyāsīyah wa-al-ḥaḍārīyah, 550-827 H./ 1155-1424 M  : ṣafḥah rāʼiʻah min tārīkh al-Kūrd fī al-ʻaṣr al-wasīṭ  /$cal-Duktūr Ramaḍān Sharīf al-Dāwudī.
=250  \\$6880-03$aal-Ṭabʻah al-ūlá.
=264  \1$6880-04$aIrbīl$b:$bMuʼassasat Mūkriyānī lil-Buḥūth wa-al-Nashr$c2010.
=300  \\$a168 pages ;$c22 cm
=336  \\$atext$btxt$2rdacontent
=337  \\$aunmediated$bn$2rdamedia
=338  \\$avolume$bnc$2rdacarrier
=504  \\$aIncludes bibliographical references (pages 145-168).
=651  \0$aLuristān (Iran)$xHistory.
=650  \0$aKurds$zIran$zLuristān$xHistory.
=651  \0$aLuristān (Iran)$xCivilization.
=650  \7$aCivilization.$2fast$0(OCoLC)fst00862898
=650  \7$aKurds.$2fast$0(OCoLC)fst00989403
=651  \7$aIran$zLuristān.$2fast$0(OCoLC)fst01220275
=655  \7$aHistory.$2fast$0(OCoLC)fst01411628
=852  0\$aNNU$bBOBST$cMAIN$hDS324.L8$iD39 2010$p31142058152425
=880  1\$6100-01/(3/r$aداودي، رمضان شريف،
=880  10$6245-02/(3/r$aلورستان الكبرى :$bدراسة في احوالها السياسية والحضارية ، 550-827 ه./ 1155-1424 م  : صفحة رائعة من تاريخ الكورد في العصر الوسيط  /$cالدكتور رمضان شريف الداودي.
=880  \\$6250-03/(3/r$aالطبعة الأولى.
=880  \1$6264-04/(3/r$aاربيل$b:$bمؤسسة موكرياني للبحوث والنشر$c2010.
=994  \\$aC0$bTEF

