=LDR  02394cam a2200469 i 4500
=001  ocm04123282
=003  NNU
=005  20150923020414.0
=008  150604s2013\\\\iq\\\\\\\b\\\\000\0\ara\d
=010  \\$a  2014337458
=040  \\$aCLU$beng$erda$cCLU$dCLU$dOCLCF
=066  \\$c(3
=035  \\$a(OCoLC)910680648
=041  0\$aara$ffre
=050  \4$aBX157.A5$bA75 2013
=049  \\$aZYUU
=100  1\$6880-01$aIsḥāq, Jāk,$eauthor.
=245  10$6880-02$aMarāsīm al-zawāj fī ṭaqs al-Mashriq al-Kaldānīyah - al-Āthūrīyah :$bdirāsah ṭaqsīyah taḥlīlīyah = Le tite du mariage dans la Liturgie Chaldéo - Assyrienne : analyse liturgique /$cal-Muṭrān D. Jāk Isḥāq.
=246  3\$6880-03$aMarāsīm al-zawāj fī ṭaqs al-Mashriq al-Kaldānīyah - al-Āshūrīyah
=246  15$aRite du mariage dans la Liturgie Chaldéo - Assyrienne :$banalyse liturgique
=264  \1$6880-04$aBaghdād :$bDār Najm al-Mashriq,$c2013.
=300  \\$a185, v pages ;$c24 cm.
=336  \\$atext$2rdacontent
=337  \\$aunmediated$2rdamedia
=338  \\$avolume$2rdacarrier
=490  0\$6880-05$aal-Silsilah al-lītūrjīyah ;$v6
=490  0\$6880-06$aManshūrāt Dār Najm al-Mashriq ;$v31
=546  \\$aIn Arabic; table of content also in French.
=504  \\$aIncludes bibliographical references.
=610  20$aAssyrian Church of the East$xLiturgy.
=650  \0$aMarriage service$xLiturgy.
=610  27$aAssyrian Church of the East.$2fast$0(OCoLC)fst00616879
=650  \7$aLiturgics.$2fast$0(OCoLC)fst01000579
=650  \7$aMarriage service$xLiturgy.$2fast$0(OCoLC)fst01010638
=852  0\$aNNU$bBOBST$cMAIN$hBX157.A5$iA75 2013$p31142058152417
=880  1\$6100-01/(3/r$aإسحاق، جاك.
=880  10$6245-02/(3/r$aمراسيم الزواج في طقس المشرق الكلدانية - الاثورية :$bدراسة طقسية تحليلية = Le rite du mariage dans la Liturgie Chaldéo - Assyrienne : analyse liturgique  /$cالمطران د. جاك اسحاق.
=880  3\$6246-03/(3/r$aمراسيم الزواج في طقس المشرق الكلدانية - الاشورية
=880  \1$6264-04/(3/r$aبغداد :$bدار نجم المشرق،$c2013.
=880  0\$6490-05/(3/r$aالسلسلة الليتورجية ؛$v6
=880  0\$6490-06/(3/r$aمنشورات دار نجم المشرق ؛$v31
=994  \\$aC0$bTEF

