=LDR  01449cam a2200325 i 4500
=001  ocm04123275
=003  NNU
=005  20150923013956.0
=008  140614s2012\\\\iq\\\\\\\b\\\\000\0\ara\\
=010  \\$a  2014337379
=040  \\$aDLC$beng$erda$cDLC$dTEF
=066  \\$c(3
=035  \\$a(OCoLC)910006711
=042  \\$alcode$apcc
=050  \4$aZ6620.I72$bJ393 2012
=049  \\$aZYUU
=100  1\$6880-01$aJawād, Sahlah ʻUlwān.
=245  13$6880-02$aal-Makhṭūṭāt fī al-ʻIrāq wa-dawr al-Markaz al-Waṭanī lil-Makhṭūṭāt fī ḥaṣrihā wa-tanẓīmihā /$ctaʼlīf al-Duktūrah Sahlah ʻUlwān Jawād.
=264  \1$6880-03$aBaghdād :$bMuʼassasat Miṣr Murtaḍá lil-Kitāb al-ʻIrāqī,$c2012.
=300  \\$a160 pages ;$c24cm
=336  \\$atext$btxt$2rdacontent
=337  \\$aunmediated$bn$2rdamedia
=338  \\$avolume$bnc$2rdacarrier
=504  \\$aIncludes bibliographical references (pages 151-157).
=650  \0$aManuscripts$zIraq.
=852  0\$aNNU$bBOBST$cMAIN$hZ6620.I72$iJ393 2012$p31142058152680
=880  1\$6100-01/(3/r$aجواد، سهلة علوان.
=880  12$6245-02/(3/r$aالمخطوطات في العراق ودور المركز الوطني للمخطوطات في حصرها وتنظيمها /$cتأليف الدكتورة سهلة علوان جواد.
=880  \1$6264-03/(3/r$aبغداد :$bمؤسسة مصر مرتضى للكتاب العراقي،$c2012.
=994  \\$aC0$bTEF

