=LDR  01455nam a2200337 i 4500
=001  ocm04116310
=003  NNU
=005  20150923033844.0
=008  150923s2014\\\\su\\\\\\\b\\\\001\0\ara\\
=040  \\$aNNU$beng$erda$cTEF
=066  \\$c(3
=035  \\$a(OCoLC)921939071
=050  \4$aBP134.P745$bT365 2014
=049  \\$aZYUU
=100  1\$6880-01$aTamīmī, Manṣūr ibn Rāshid,$eauthor.
=245  13$6880-02$aal-ʻAṣmah fī ḍawʼ ʻaqīdat Ahl al-Sunnah wa-al-jamāʻah /$ctaʼlīf Manṣūr ibn Rāshid al-Tamīmī raḥamahu Allāh.
=250  \\$6880-03$aal-Ṭabʻah al-ūlá.
=264  \1$6880-04$aal-Riyāḍ :$bMaktabat al-Rushd Nāshirūn,$c2014.
=300  \\$a487 pages ;$c25 cm
=336  \\$atext$btxt$2rdacontent
=337  \\$aunmediated$bn$2rdamedia
=338  \\$avolume$bnc$2rdacarrier
=504  \\$aIncludes bibliographical references (pages 467-482) and indexes.
=650  \0$aProphets in the Qurʼan.
=650  \0$aIslam$xDoctrines.
=852  0\$aNNU$bBOBST$cMAIN$hBP134.P745$iT365 2014$p31142058152086
=880  1\$6100-01/(3/r$aتميمي، منصور بن راشد،$eauthor.
=880  12$6245-02/(3/r$aالعصمة في ضوء عقيدة اهل السنة والجماعة /$cتأليف منصور بن راشد التميمي رحمه الله.
=880  \\$6250-03/(3/r$aالطبعة الأولى.
=880  \1$6264-04/(3/r$aالرياض :$bمكتبة الرشد ناشرون،$c2014.
=994  \\$aC0$bTEF

