=LDR  02443nam a2200409 i 4500
=001  ocm04123242
=003  NNU
=005  20150923044524.0
=008  150923s2012\\\\iq\a\\\\\\\\\\000\0\ara\d
=040  \\$aNNU$beng$erda$cTEF
=066  \\$c(3$c(4
=035  \\$a(OCoLC)921940060
=050  \4$aQB43.3$b.D884 2012
=049  \\$aZYUU
=100  1\$6880-01$aDūshaywānī, Ṭayyib,$eauthor.
=245  13$6880-02$aal-Fawāʼid al-Sunnīyah bi-sharḥ al-risālah al-ḥasanīyah :$bsharḥ Mullā Ṭayyib al-Dūshaywānī ʻalá risālat al-muqanṭarāt lil-Mullā Ifindī Kachak Mullā /$ctaqdīm D. Muḥammad Sharīf Aḥmad.
=250  \\$6880-03$aal-Ṭabʻah al-ūlá.
=264  \1$6880-04$aIrbīl :$bManshūrāt Muntadá al-Fikr al-Islāmī fī Iqlīm Kūrdistān al-ʻIrāq,$c2012.
=300  \\$a103 pages :$billustrations ;$c24 cm
=336  \\$atext$btxt$2rdacontent
=337  \\$aunmediated$bn$2rdamedia
=338  \\$avolume$bnc$2rdacarrier
=490  1\$6880-05$aMin manshūrāt Muntadá al-Fikr al-Islāmī fī Iqlīm Kūrdistān al-ʻIrāq ;$v25
=600  10$6880-06$aKachak Mullā, Abū Bakr ibn ʻUmar.
=650  \0$aAstronomy.
=700  1\$6880-07$aAḥmad, Muḥammad Sharīf,$ewriter of introduction.
=830  \0$6880-08$aManshūrāt Muntadá al-Fikr al-Islāmī fī Iqlīm Kūrdistān al-ʻIrāq (series) ;$v25.
=852  0\$aNNU$bBOBST$cMAIN$hQB43.3$i.D884 2012$p31142058152490
=880  1\$6100-01/(3/r$aدوشيواني، طيب،$eauthor.
=880  12$6245-02/(3/r$aالفوائد السنية بشرح الرسالة الحسنية :$bشرح ملا طيب الدوشيواني على رسالة المقنطرات للملا افندي كچك ملا /$cتقديم د. محمد شريف احمد.
=880  \\$6250-03/(3/r$aالطبعة الأولى.
=880  \1$6264-04/(3/r$aاربيل :$bمنشورات منتدى الفكر الاسلامي في اقليم كوردستان العراق،$c2012.
=880  1\$6490-05/(3/r$aمن منشورات منتدى الفكر الاسلامي في اقليم كوردستان العراق ؛$v25
=880  14$6600-06/(3/r$aكچك ملا، ابو بكر بن عمر.
=880  1\$6700-07/(3/r$aاحمد، محمد شريف،$ewriter of introduction.
=880  \0$6830-08/(3/r$aمنشورات منتدى الفكر الاسلامي في اقليم كوردستان العراق (سرس) ؛$v25.
=994  \\$aC0$bTEF

