=LDR  01409cam a2200337 i 4500
=001  ocm04123296
=003  NNU
=005  20150923015126.0
=008  140621s2012\\\\iq\\\\\\\b\\\\000\0\ara\\
=010  \\$a  2014337462
=040  \\$aDLC$beng$erda$cDLC$dTEF
=066  \\$c(3
=035  \\$a(OCoLC)910663816
=042  \\$apcc$alcode
=050  \4$aDS59.K86$bA959 2012
=049  \\$aZYUU
=100  1\$6880-01$aʻAzīz, Ḥusayn Qāsim.
=245  13$6880-02$aal-Mufaṣṣal fī nashʼat Nawrūz al-dhihnīyah al-ibdāʻīyah /$cal-Duktūr Ḥusayn Qāsim al-ʻAzīz ; taqdīm D. Mukarram Jamāl al-Ṭālibānī.
=264  \1$6880-03$aal-Sulaymānīyah :$bBinkey Jîn,$c2012.
=300  \\$a276 pages ;$c24 cm
=336  \\$atext$btxt$2rdacontent
=337  \\$aunmediated$bn$2rdamedia
=338  \\$avolume$bnc$2rdacarrier
=504  \\$aIncludes bibliographical references(pages 268-276).
=650  \0$aFasts and feasts$zKurdistan.
=650  \0$aKurds$xCivilization.
=852  0\$aNNU$bBOBST$cMAIN$hDS59.K86$iA959 2012$p31142058152508
=880  1\$6100-01/(3/r$aعزيز، حسين قاسم.
=880  12$6245-02/(3/r$aالمفصل في نشأة نوروز الذهنية الإبداعية /$cالدكتور حسين قاسم العزيز ؛ تقديم د. مكرم جمال الطالباني.
=880  \1$6264-03/(3/r$aالسليمانية :$bبنكه‌ى زين،$c2012.
=994  \\$aC0$bTEF

