=LDR  02358cam a2200373 i 4500
=001  ocm04128860
=003  NNU
=005  20150924111412.0
=008  150228s2015\\\\ua\\\\\\\b\\\\000\0\ara\d
=040  \\$aLEILA$beng$erda$cLEILA$dOCLCQ$dYUS$dTEF
=066  \\$c(3
=020  \\$z206483977990
=035  \\$a(OCoLC)907087142
=050  \4$aK5250$b.S89 2015
=049  \\$aZYUU
=100  1\$6880-01$aSuwaylim, Muḥammad Muḥammad ʻAlī,$eauthor.
=245  13$6880-02$aal-ʻAdālah al-intiqālīyah :$bdirāsah muqāranah /$ctāʼlīf al-Mustashār al-Duktūr Muḥammad ʻAlī Suwaylim, bi-Maḥkamat al-Istiʼnāf wa-al-muntadab bi-Kullīyat al-Ḥuqūq, Jāmiʻat ʻAyn Shams, ḥāʼiz ʻalá jāʼizat al-tafawwuq al-ʻilmī min Kullīyat al-Ḥuqūq, Jāmiʻat al-Qāhirah, ḥāṣil ʻalá darajat al-duktūrāh min Kullīyat al-Ḥuqūq, Jāmiʻat ʻAyn Shams bi-martabat al-sharaf al-ūlá wa-al-tabādul maʻa al-jāmiʻāt al-ukhrá.
=250  \\$6880-03$aal-Ṭabʻah al-ūlá.
=264  \1$6880-04$a[Cairo] :$bal-Miṣrīyah lil-Nashr wa-al-Tawzīʻ,$c2015.
=300  \\$a757 pages ;$c24 cm
=336  \\$atext$btxt$2rdacontent
=337  \\$aunmediated$bn$2rdamedia
=338  \\$avolume$bnc$2rdacarrier
=504  \\$aIncludes bibliographical references.
=520  \\$aTransitional justice; comparative study; history.
=650  \0$aTransitional justice.
=650  \0$aHuman rights.
=852  0\$aNNU$bBOBST$cMAIN$hK5250$i.S89 2015$p31142058152243
=880  1\$6100-01/(3/r$aسويلم، محمد محمد علي،$eمؤلف.
=880  12$6245-02/(3/r$aالعدالة الانتقالية :$bدراسة مقارنة /$cتأليف المستشار الدكتور محمد علي سويلم، بمحكمة الاستئناف والمنتدب بكلية الحقوق، جامعة عين شمس، حائز على جائزة التفوق العلمي من كلية الحقوق، جامعة القاهرة، حاصل على درجة الدكتوراه من كلية الحقوق، جامعة عين شمس بمرتبة الشرف الأولى والتبادل مع الجامعات الأخرى.
=880  \\$6250-03/(3/r$aالطبعة الأولى.
=880  \1$6264-04/(3/r$a[القاهرة] :$bالمصرية للنشر والتوزيع،$c2015.
=938  \\$aLeila Books$bLEIL$n70221
=994  \\$aC0$bTEF

