=LDR  01943nam a2200397 i 4500
=001  ocm04123286
=003  NNU
=005  20150924101020.0
=008  150924s2013\\\\iq\\\\\\\b\\\\000\0\ara\d
=040  \\$aNNU$beng$erda$cTEF
=066  \\$c(3
=035  \\$a(OCoLC)921995164
=050  \4$aBP170$b.H883 2013
=049  \\$aZYUU
=100  1\$6880-01$aḤusayn, Muḥammad Bahāʼ al-Dīn,$eauthor.
=245  13$6880-02$aal-Mustashriqūn wa-al-Qurʼān al-karīm /$cal-Duktūr Muḥammad Bahāʼ al-Dīn Ḥusayn.
=246  1\$iTitle on page [4] of cover:$aOrientalist & the holy Quraʼan
=246  3\$aOrientalist and the holy Qurʼan
=250  \\$6880-03$aal-Ṭabʻah al-ūlá.
=264  \1$6880-04$aBaghdād :$bJumhūrīyat al-ʻIrāq, Dīwān al-Waqf al-Sunnī, Dāʼirat al-Buḥūth wa-al-Dirāsāt,$c2013.
=300  \\$a558 pages ;$c25 cm
=336  \\$atext$btxt$2rdacontent
=337  \\$aunmediated$bn$2rdamedia
=338  \\$avolume$bnc$2rdacarrier
=490  1\$6880-05$aSilsilat al-dirāsāt al-Islāmīyah al-muʻāṣirah
=504  \\$aIncludes bibliographical references (p. 539-554).
=650  \0$aIslam$vApologetic works.
=830  \0$6880-06$aSilsilat al-dirāsāt al-Islāmīyah al-muʻāṣirah.
=852  0\$aNNU$bBOBST$cMAIN$hBP170$i.H883 2013$p31142058152672
=880  1\$6100-01/(3/r$aحسين، محمد بهاء الدين،$eauthor.
=880  12$6245-02/(3/r$aالمستشرقون والقرآن الكريم /$cالدكتور محمد بهاء الدين حسين.
=880  \\$6250-03/(3/r$aالطبعة الأولى.
=880  \1$6264-04/(3/r$aبغداد :$bجمهورية العراق، ديوان الوقف السني، دائرة البحوث والدراسات،$c2013.
=880  1\$6490-05/(3/r$aسلسلة الدراسات الاسلامية المعاصرة
=880  \0$6830-06/(3/r$aسلسلة الدراسات الاسلامية المعاصرة.
=994  \\$aC0$bTEF

