=LDR  02021nam a2200349 i 4500
=001  ocm04123258
=003  NNU
=005  20150923024018.0
=008  150923s2011\\\\iq\ac\\\\b\\\\000\0\ara\d
=040  \\$aNNU$beng$erda$cTEF
=066  \\$c(3
=035  \\$a(OCoLC)921937848
=050  \4$aDS79.9.K884$bZ833 2011
=049  \\$aZYUU
=100  1\$6880-01$aZubaydī, Karīm Maṭar Ḥamzah,$eauthor.
=245  10$6880-02$aKūthá māḍīhā wa-ḥāḍiruhā :$btārīkh Jablah ḥattá ʻām 2010 M /$ctaʼlīf al-Ustādh al-Duktūr Karīm Maṭar Ḥamzah al-Zubaydī, al-Ustādh al-Duktūr Yaḥyá Kāẓim Ḥammūd al-Maʻmūrī.
=250  \\$6880-03$aal-Ṭabʻah al-ūlá.
=264  \1$6880-04$a[Iraq] :$bWizārat al-Taʻlīm al-ʻĀlī wa-al-Buḥūth al-ʻIlmī, Jāmiʻat Bābil, Markaz Bābil lil-Dirāsāt al-Ḥaḍārīyah wa-al-Tārīkhīyah,$c2011.
=300  \\$a186 pages :$billustrations ;$c25 cm
=336  \\$atext$btxt$2rdacontent
=337  \\$aunmediated$bn$2rdamedia
=338  \\$avolume$bnc$2rdacarrier
=504  \\$aIncludes bibliographical references (pages 155-186).
=651  \0$aKūtha (Iraq)$xHistory.
=700  1\$6880-05$aMaʻmūrī, Yaḥyá Kāẓim,$d1954-$eauthor.
=852  0\$aNNU$bBOBST$cMAIN$hDS79.9.K884$iZ833 2011$p31142058152524
=880  1\$6100-01/(3/r$aزبيدي، كريم مطر حمزة،$eauthor.
=880  10$6245-02/(3/r$aكوثى ماضيها وحاضرها :$bتاريخ جبلة حتى عام 2010 م /$cتأليف الاستاذ الدكتور كريم مطر حمزة الزبيدي، الاستاذ الدكتور يحيى كاظم حمود المعموري.
=880  \\$6250-03/(3/r$aالطبعة الأولى.
=880  \1$6264-04/(3/r$a[Iraq] :$bوزارة التعليم العالي والبحوث العلمي، جامعة بابل، مركز بابل للدراسات الحضارية والتاريخية،$c2011.
=880  1\$6700-05/(3/r$aمعموري، يحيى كاظم،$eauthor.
=994  \\$aC0$bTEF

