=LDR  02521cam a2200493 i 4500
=001  ocm04123277
=003  NNU
=005  20150924122214.0
=008  140518s2010\\\\iq\\\\\\\\\\\\000\0\ara\d
=010  \\$a  2014337575
=040  \\$aLEILA$beng$erda$cLEILA$dDLC$dWTU$dOCLCF
=066  \\$c(3
=035  \\$a(OCoLC)747005035
=042  \\$alccopycat$alcode
=043  \\$aa-iq---
=050  \4$aHC415.4$b.Q27 2010
=049  \\$aZYUU
=100  1\$6880-01$aQāsim, Maẓhar Muḥammad Ṣāliḥ,$eauthor.
=245  10$6880-02$aMadkhal fī al-iqtiṣād al-siyāsī lil-ʻIrāq al-dawlah al-rayʻīyah min al-markazīyah al-iqtiṣādīyah ilá dīmuqraṭīyah al-sūq /$ctaʼlīf Maẓhar Muḥammad Ṣāliḥ Qāsim.
=246  15$aPrelude to political economy for Iraq :$bthe rental state from economic centralism to market democracy
=264  \1$6880-03$aBaghdād :$bBayt al-Ḥikmah,$c2010.
=300  \\$a133 pages ;$c20 cm.
=336  \\$atext$btxt$2rdacontent
=337  \\$aunmediated$bn$2rdamedia
=338  \\$avolume$bnc$2rdacarrier
=490  1\$6880-04$aSilsilat kutub shahrīyah yaṣduruhā Bayt al-Ḥikmah al-ʻIrāqī ;$val-ʻadad 19
=651  \0$aIraq$xEconomic conditions$y21st century.
=651  \0$aIraq$xEconomic policy$y2003-
=650  \0$aEconomic forecasting$zIraq.
=650  \7$aEconomic forecasting.$2fast$0(OCoLC)fst00901942
=650  \7$aEconomic history.$2fast$0(OCoLC)fst00901974
=650  \7$aEconomic policy.$2fast$0(OCoLC)fst00902025
=651  \7$aIraq.$2fast$0(OCoLC)fst01205757
=648  \7$aSince 2000$2fast
=830  \0$6880-05$aSilsilat kutub shahrīyah yaṣduruhā Bayt al-Ḥikmah al-ʻIrāqī ;$val-ʻadad 19.
=852  0\$aNNU$bBOBST$cMAIN$hHC415.4$i.Q27 2010$p31142058152466
=880  1\$6100-01/(3/r$aقاسم، مظهر محمد صالح.
=880  10$6245-02/(3/r$aمدخل في الاقتصاد السياسي للعراق الدولة الريعية من المركزية الاقتصادية الي ديمقراطية السوق /$cتأليف مظهر محمد صالح قاسم.
=880  \\$6260-00/(3/r$aبغداد :$bبيت الحكمة،$c2010.
=880  \1$6264-03/(3/r$aبغداد :$bبيت الحكمة،$c2010.
=880  1\$6490-04/(3/r$aسلسلة كتب شهرية يصدرها بيت الحكمة العراقي ؛$vالعدد 19
=880  \0$6830-05/(3/r$aسلسلة كتب شهرية يصدرها بيت الحكمة العراقي ؛ ;$vالعدد 19.
=938  \\$aLeila Books$bLEIL$n46056
=994  \\$aC0$bN/A

