=LDR  01950cam a2200385 i 4500
=001  ocm04123274
=003  NNU
=005  20150923013342.0
=008  150709s2014\\\\iq\a\\\\\bc\\f001\0\ara\d
=040  \\$aCLU$beng$erda$cCLU$dOCLCO$dTEF
=066  \\$c(3
=035  \\$a(OCoLC)913542943
=043  \\$aa-iq---
=050  \4$aZ6621.M25373$bA724 2014
=049  \\$aZYUU
=100  1\$6880-01$aḤaṣnāwī, Aḥmad Maḥbas,$eauthor.
=245  10$6880-02$aMakhṭūṭāt Khizānat al-Shaykh ʻAbd al-Raḥmān al-Qarah Dāghī :$bdirāsah wa-fahrasah /$cal-Duktūr  Aḥmad Maḥbas al-Ḥaṣnāwī.
=264  \1$6880-03$aBaghdād  :$bal-Majmaʻ al-ʻIlmī al-ʻIrāqī,$c2014.
=300  \\$a143 pages :$billustrations (some color) ;$c24 cm.
=336  \\$atext$btxt$2rdacontent
=337  \\$aunmediated$bn$2rdamedia
=338  \\$avolume$bnc$2rdacarrier
=490  0\$6880-04$aManshūrāt al-Majmaʻ al-ʻIlmī al-ʻIrāqī
=504  \\$aIncludes bibliographical references and index.
=650  \0$aManuscripts, Arabic$zIraq$zBaghdad$vCatalogs.
=600  00$6880-05$aIbn al-Khayyāṭ al-Qarahʹdāghī,$d1838-1916 or 1917$xLibrary$xCatalogs.
=610  20$6880-06$aMajmaʻ al-ʻIlmī al-ʻIrāqī.$bMaktabat al-Makhṭūṭāt$vCatalogs.
=852  0\$aNNU$bBOBST$cMAIN$hZ6621.M25373$iA724 2014$p31142058152615
=880  1\$6100-01/(3/r$aحصناوي، احمد محبس،
=880  10$6245-02/(3/r$aمخطوطات خزانة الشيخ عبد الرحمن القره داغي :$bدراسة وفهرسة /$cالدكتور  احمد محبس الحصناوي.
=880  \1$6264-03/(3/r$aبغداد  :$bالمجمع العلمي العراقي،$c2014.
=880  0\$6490-04/(3/r$aمنشورات المجمع العلمي العراقي
=880  04$6600-05/(3/r$aابن الخياط القرهداغي.
=880  24$6610-06/(3/r$aمجمع العلمي العراقي.$bمكتبة المخطوطات.
=994  \\$aC0$bTEF

