=LDR  01443cam a2200361 i 4500
=001  ocm04123249
=003  NNU
=005  20150924111744.0
=008  150408s2014\\\\iq\\\\\\\b\\\\000\0\ara\c
=040  \\$aCLU$beng$erda$cCLU$dOCLCF$dTEF
=066  \\$c(3
=035  \\$a(OCoLC)906808855
=042  \\$apcc
=050  \4$aR143$b.M84 2014
=049  \\$aZYUU
=100  1\$6880-01$aMuḥammad, Maḥmūd al-Ḥājj Qāsim,$eauthor.
=245  10$6880-02$aQirāʼāt fī makhṭūṭāt ṭibbīyah /$ctaʼlīf al-Duktūr Maḥmūd al-Ḥājj Qāsim Muḥammad.
=264  \1$6880-03$aBaghdād :$bal-Majmaʻ al-ʻIlmī,$c2014.
=300  \\$a233 pages ;$c24 cm
=336  \\$atext$btxt$2rdacontent
=337  \\$aunmediated$bn$2rdamedia
=338  \\$avolume$bnc$2rdacarrier
=504  \\$aIncludes bibliographical references.
=650  \0$aMedicine, Arab$xSources.
=650  \0$aMedicine, Arab$xManuscripts.
=650  \7$aMedicine, Arab.$2fast$0(OCoLC)fst01015186
=655  \7$aManuscripts.$2fast$0(OCoLC)fst01424060
=655  \7$aSources.$2fast$0(OCoLC)fst01423900
=852  0\$aNNU$bBOBST$cMAIN$hR143$i.M84 2014$p31142058152433
=880  1\$6100-01/(3/r$aمحمد، محمود الحاج قاسم،
=880  10$6245-02/(3/r$aقراءات في مخطوطات طبية /$cتأليف الدكتور محمود الحاج قاسم محمد.
=880  \1$6264-03/(3/r$aبغداد :$bالمجمع العلمي،$c2014.
=994  \\$aC0$bTEF

