=LDR  01504nam a2200313 i 4500
=001  ocm04123267
=003  NNU
=005  20150923031540.0
=008  150923s2013\\\\iq\ab\\\\\\\\\000\0\ara\d
=040  \\$aNNU$beng$erda$cTEF
=066  \\$c(3
=035  \\$a(OCoLC)921938714
=050  \4$aDS76.4$b.N368 2013
=049  \\$aZYUU
=100  1\$6880-01$aNaqshabandī, Salām Aḥmad ʻAbd Allāh,$eauthor.
=245  10$6880-02$aMabāḥith fī tārīkh Shahrzūr fī al-ʻuṣūr al-ʻAbbāsīyah /$cal-bāḥith Salām Aḥmad ʻAbd Allāh al-ʻIbābīlī al-Shahrzūrī al-Naqshabandī.
=264  \1$6880-03$aIrbīl :$bManshūrāt al-Akādīmīyah al-Kurdīyah,$c2013.
=300  \\$a334 pages :$billustrations, maps ;$c24 cm
=336  \\$atext$btxt$2rdacontent
=337  \\$aunmediated$bn$2rdamedia
=338  \\$avolume$bnc$2rdacarrier
=504  \\$aIncludes bibliographical references (pages 191-220) and indexes.
=651  \0$aShahrzūr (Iraq)$xHistory.
=651  \0$aIraq$xHistory$y634-1534.
=852  0\$aNNU$bBOBST$cMAIN$hDS76.4$i.N368 2013$p31142058152540
=880  1\$6100-01/(3/r$aنقشبندي، سلام احمد عبد الله،$eauthor.
=880  10$6245-02/(3/r$aمباحث في تاريخ شهرزور في العصور العباسية /$cالباحث سلام احمد عبد الله العبابيلي الشهرزوري النقشبندي.
=880  \1$6264-03/(3/r$aاربيل :$bمنشورات الاكاديمية الكردية،$c2013.
=994  \\$aC0$bTEF

