=LDR  01963cam a2200457 i 4500
=001  ocm04123248
=003  NNU
=005  20150923020225.0
=008  150603s2013\\\\iq\\\\\\\b\\\\000\0\ara\d
=040  \\$aCLU$beng$erda$cCLU$dOCLCF
=066  \\$c(3$c(4
=035  \\$a(OCoLC)910637842
=043  \\$aa-iq---
=050  \4$aDS79.7$b.B33 2013
=049  \\$aZYUU
=100  1\$aBābān, Ṭaha,$eauthor.
=245  13$6880-01$aal-Qubūr al-jamāʻīyah wa-maʼāsīhā fī al-ʻIrāq /$ctaʼlīf al-Qāḍī Ṭaha Bābān.
=264  \1$6880-02$aSulaymānīyah :$bMuʼassasat Zhayn l-Iḥyāʼ al-Turāth al-Wathāʼiqī wa-al-Ṣuḥufī al-Kurdī,$c2013.
=300  \\$a284 pages ;$c24 cm
=336  \\$atext$2rdacontent
=337  \\$aunmediated$2rdamedia
=338  \\$avolume$2rdacarrier
=504  \\$aIncludes bibliographical references.
=650  \0$aMass burials$zIraq.
=650  \0$aMassacres$zIraq$xHistory.
=650  \0$aKurds$xGovernment policy$zIraq.
=650  \0$aKurds$zIraq$zKurdistān$xPolitics and government.
=650  \0$aAtrocities$zIraq$xHistory$y20th century.
=650  \7$aAtrocities.$2fast$0(OCoLC)fst00820727
=650  \7$aKurds$xGovernment policy.$2fast$0(OCoLC)fst00989409
=650  \7$aKurds$xPolitics and government.$2fast$0(OCoLC)fst00989418
=650  \7$aMass burials.$2fast$0(OCoLC)fst01011211
=650  \7$aMassacres.$2fast$0(OCoLC)fst01011476
=651  \7$aIraq.$2fast$0(OCoLC)fst01205757
=651  \7$aIraq$zKurdistān.$2fast$0(OCoLC)fst01237479
=648  \7$a1900 - 1999$2fast
=655  \7$aHistory.$2fast$0(OCoLC)fst01411628
=852  0\$aNNU$bBOBST$cMAIN$hDS79.7$i.B33 2013$p31142058152516
=880  12$6245-01/(3/r$aالقبور الجماعية ومآسيها في العراق /$cتأليف القاضي طه بابان.
=880  \1$6264-02/(3/r$aسليمانية :$bمؤسسة ژىن لاحياء التراث الوثائقي والصحفي الكردي،$c2013.
=994  \\$aC0$bTEF

