=LDR  01601cam a2200325 a 4500
=001  ocm04116293
=003  NNU
=005  20150924110021.0
=008  150208s200u\\\\su\\\\\\\b\\\\000\0\ara\d
=040  \\$aLEILA$beng$cLEILA$dOCLCQ$dTEF
=066  \\$c(3
=035  \\$a(OCoLC)903166127
=050  \4$aHG3368.A6$bM858 2000z
=049  \\$aZYUU
=245  03$6880-01$aal-Multaqá al-awwal lil-taʼmīn al-taʻāwunī :$bal-buḥūth wa-awrāq al-ʻamal wa-tawṣīyāt al-multaqá.
=260  \\$6880-02$aal-Riyāḍ :$bRābiṭat al-ʻĀlam al-Islāmī, Hayʼah al-Islāmīyah al-ʻĀlamīyah lil-Iqtiṣād wa-al-Tamwīl,$c[200-?]
=300  \\$a972 pages ;$c25 cm.
=336  \\$atext$btxt$2rdacontent
=337  \\$aunmediated$bn$2rdamedia
=338  \\$avolume$bnc$2rdacarrier
=490  0\$6880-03$aIṣdārāt al-iqtiṣād wa-al-tamwīl al-Islāmī ;$v15
=504  \\$aIncludes bibliographical references.
=650  \0$aFinance$xReligious aspects$xIslam.
=650  \0$aBanks and banking$xReligious aspects$xIslam.
=852  0\$aNNU$bBOBST$cMAIN$hHG3368.A6$iM858 2000z$p31142058151781
=880  02$6245-01/(3/r$aالملتقى الأول للتأمين التعاوني :$bالبحوث وأوراق العمل وتوصيات الملتقى.
=880  \\$6260-02/(3/r$aالرياض :$bرابطة العالم الإسلامي، الهيئة الإسلامية العالمية للإقتصاد والتمويل،$c[20-?]
=880  0\$6490-03/(3/r$aإصدارات الاقتصاد والتمويل الإسلامي ؛$v١٥
=938  \\$aLeila Books$bLEIL$n69468
=994  \\$aC0$bTEF

