=LDR  01611cam a2200397 i 4500
=001  ocm04123283
=003  NNU
=005  20150923092923.0
=008  150720s2013\\\\iq\a\\\\\b\\\\000\0dara\c
=040  \\$aCLU$beng$erda$cCLU$dOCLCF
=066  \\$c(3
=035  \\$a(OCoLC)914181524
=042  \\$apcc
=043  \\$aa-iq---
=050  \4$aBP194.6.A2$bM84 2013
=049  \\$aZYUU
=100  1\$6880-01$aMuḥammad, Walīd,$eauthor.
=245  10$6880-02$aMarāqid al-Baṣrah la-hā qiṣaṣ wa-ḥikāyāt /$cWalīd al-Muḥammad.
=250  \\$6880-03$aal-Ṭabʻah al-ūlá.
=264  \1$6880-04$aBaghdād :$bDār wa-Maktabat ʻAdnān lil-Ṭibāʻah wa-al-Nashr wa-al-Tawzīʻ$c2013.
=300  \\$a175 pages :$bcolor illustrations ;$c22 cm
=336  \\$atext$2rdacontent
=337  \\$aunmediated$2rdamedia
=338  \\$avolume$2rdacarrier
=504  \\$aIncludes bibliographical references (pages 163-165).
=650  \0$aShiite shrines$zIraq$zBaṣrah.
=650  \0$aIslamic shrines$zIraq$zBaṣrah.
=650  \7$aIslamic shrines.$2fast$0(OCoLC)fst00980069
=650  \7$aShiite shrines.$2fast$0(OCoLC)fst01115975
=651  \7$aIraq$zBaṣrah.$2fast$0(OCoLC)fst01210191
=852  0\$aNNU$bBOBST$cMAIN$hBP194.6.A2$iM84 2013$p31142058152599
=880  1\$6100-01/(3/r$aمحمد، وليد،
=880  10$6245-02/(3/r$aمراقد البصرة لها قصص وحكايات /$cوليد المحمد.
=880  \\$6250-03/(3/r$aالطبعة الأولى.
=880  \1$6264-04/(3/r$aبغداد :$bدار ومكتبة عدنان للطباعة والنشر والتوزيع$c2013.
=994  \\$aC0$bTEF

