=LDR  01823nam a2200385 i 4500
=001  ocm04123240
=003  NNU
=005  20150923050611.0
=008  150923s2010\\\\iq\\\\\\\b\\\\000\0\ara\d
=040  \\$aNNU$beng$erda$cTEF
=066  \\$c(3$c(4
=035  \\$a(OCoLC)921940112
=050  \4$aPJ8040$b.D685 2010
=049  \\$aZYUU
=100  1\$6880-01$aDoskî, Miḧemed Emîn,$eauthor.
=245  10$6880-02$aFalsafat al-ʻishq al-Ilāhī fī shiʻr al-Jazīrī /$bMuḥammad Amīn al-Dūskī.
=250  \\$6880-03$aal-Ṭabʻah al-thānīyah.
=264  \1$6880-04$aIrbīl :$bManshūrāt al-Akādīmīyah al-Kurdīyah,$c2010.
=300  \\$a196 pages ;$c24 cm
=336  \\$atext$btxt$2rdacontent
=337  \\$aunmediated$bn$2rdamedia
=338  \\$avolume$bnc$2rdacarrier
=490  1\$6880-05$aMin manshūrāt al-Akādīmīyah al-Kurdīyah ;$val-ʻadad 82
=504  \\$aIncludes bibliographical references (pages 187-188).
=650  \0$aGod (Islam)$xLove$xIn literature.
=650  \0$aArabic poetry$zIraq$xHistory and criticism.
=830  \0$6880-06$aManshūrāt al-Akādīmīyah al-Kurdīyah (series) ;$val-ʻadad 82.
=852  0\$aNNU$bBOBST$cMAIN$hPJ8040$i.D685 2010$p31142058152557
=880  1\$6100-01/(3/r$aدوسکي، محه‌مه‌د ئه‌مىن،$eauthor.
=880  10$6245-02/(3/r$aفلسفة العشق الالاهي في شعر الجزيري /$bمحمد امين الدوسكي.
=880  \\$6250-03/(3/r$aالطبعة الثانية.
=880  \1$6264-04/(3/r$aاربيل :$bمنشورات الاكاديمية الكردية،$c2010.
=880  1\$6490-05/(3/r$aمن منشورات الاكاديمية الكردية ؛$vالعدد 82
=880  \0$6830-06/(3/r$aمنشورات الاكاديمية الكردية (سلسلة) ؛$vالعدد 82.
=994  \\$aC0$bTEF

