=LDR  02279nam a2200361 i 4500
=001  ocm04116302
=003  NNU
=005  20150924094717.0
=008  150924s2014\\\\su\\\\\\\\\\\\000\0\ara\\
=040  \\$aNNU$beng$erda$cTEF
=066  \\$c(3
=020  \\$a9786038131114
=020  \\$a6038131116
=035  \\$a(OCoLC)921992071
=050  \4$aBP165.7$bA2833 2014
=049  \\$aZYUU
=100  1\$6880-01$aAbū ʻAbd al-Malik, Aḥmad ibn ʻAbd Allāh al-Salmī,$eauthor.
=245  10$6880-02$aBidʻ wa-akhṭāʼ shāʼiʻah wa-iʻtiqādāt bāṭilah tataʻalluq bi-al-aḍāḥī yalīhā aḥādīth lam tathbut fī al-aḍāḥī :$byalīhā mawʻiẓah qarāʼahu wa-qaddama la-hu Faḍīlat al-Shaykh ʻAbd al-Muḥsin Muḥammad al-Bunyān ḥafaẓahu Allāh, mudīr Markaz al-Daʻwah wa-al-Irshād bi-al-Dammām--shābihan /$cjamʻ wa-tartīb Abī ʻAbd al-Malik Aḥmad ibn ʻAbd Allāh al-Sulmī.
=250  \\$6880-03$aal-Ṭabʻah al-ūlá.
=264  \1$6880-04$aal-Riyāḍ :$bMaktabat al-Maʻārif lil-Nashr wa-al-Tawzīʻ,$c2014.
=300  \\$a216 pages ;$c25 cm
=336  \\$atext$btxt$2rdacontent
=337  \\$aunmediated$bn$2rdamedia
=338  \\$avolume$bnc$2rdacarrier
=650  \0$aTaqlīd.
=700  1\$6880-05$aBunyān, ʻAbd al-Muḥsin Muḥammad,$ewriter of additional material.
=852  0\$aNNU$bBOBST$cMAIN$hBP165.7$iA2833 2014$p31142058152029
=880  1\$6100-01/(3/r$aابو عبد الملك، احمد بن عبد الله السلمي،$eauthor.
=880  10$6245-02/(3/r$aبدع واخطاء شائعة واعتقادات باطلة تتعلّق بالاضاحي يليها احاديث لم تثبت في الاضاحي :$bيليها موعظة قراءه وقدم له فضيلة الشيخ عبد المحسن محمد البنيان حفظه الله، مدير مركز الدعوة والارشاد بالدمامشابهن /$cجمع وترتيب ابي عبد المل احمد بن عبد الله السلمي.
=880  \\$6250-03/(3/r$aالطبعة الأولى.
=880  \1$6264-04/(3/r$aالرياض :$bمكتبة المعارف للنشر والتوزيع،$c2014.
=880  1\$6700-05/(3/r$aبنيان، عبد المحسن محمد،$ewriter of additional material.
=994  \\$aC0$bTEF

