=LDR  01865nam a2200373 i 4500
=001  ocm04123299
=003  NNU
=005  20150923121806.0
=008  150923s2012\\\\iq\\\\\\\b\\\\000\0\ara\d
=040  \\$aNNU$beng$erda$cTEF
=066  \\$c(3
=035  \\$a(OCoLC)921933799
=050  \4$aDS70.9$b.Z593 2012
=049  \\$aZYUU
=100  1\$6880-01$aZiyādī, al-Ḥasan ibn ʻUthmān,$eauthor.
=240  10$6880-02$aTārīkh ʻalá al-sinīn.$kSelections
=245  10$6880-03$aMuqtaṭafāt min kitāb "Tārīkh ʻalá al-sinīn" li-Abī Ḥassān al-Ḥasan ibn ʻUthmān al-Riyādī al-mutawafá sanat 242 H/856 M /$cjamʻ wa-taḥqīq wa-dirāsat al-Duktūr Ḥusayn Dākhil al-Bahādilī.
=250  \\$6880-04$aal-Ṭabʻah al-ūlá.
=264  \1$6880-05$aBaghdād :$bBayt al-Ḥikmah,$c2012.
=300  \\$a336 pages ;$c21 cm
=336  \\$atext$btxt$2rdacontent
=337  \\$aunmediated$bn$2rdamedia
=338  \\$avolume$bnc$2rdacarrier
=504  \\$aIncludes bibliographical references (pages 315-336).
=651  \0$aIraq$xHistory$vEarly works to 1800.
=700  1\$6880-06$aBahādilī, Ḥusayn Dākhil,$eeditor.
=852  0\$aNNU$bBOBST$cMAIN$hDS70.9$i.Z593 2012$p31142058151377
=880  1\$6100-01/(3/r$aزيادي، الحسن بن عثمان،$eauthor.
=880  10$6240-02/(3/r$aتاريخ على السنين.$kمختارات
=880  10$6245-03/(3/r$aمقتطفات من كتاب "تاريخ على السنين" لابي حسان الحسن بن عثمان الريادي المتوفى سنة 242 هـ/856 م /$cجمع وتحقيق ودراسة الدكتور حسين داخل البهادلي.
=880  \\$6250-04/(3/r$aالطبعة الأولى.
=880  \1$6264-05/(3/r$aبغداد :$bبيت الحكمة،$c2012.
=880  1\$6700-06/(3/r$aبهادلي، حسين داخل،$eeditor.
=994  \\$aC0$bTEF

