=LDR  01618nam a2200385 a 4500
=001  ocm04133183
=003  NNU
=005  20150924100558.0
=008  150922s2014\\\\su\\\\\\\b\\\\000\0\ara\\
=040  \\$aNNU$beng$erda$cTEF
=066  \\$c(3
=035  \\$a(OCoLC)921891821
=050  \4$aBP190.5.H34$bQ848 2014
=049  \\$aZYUU
=100  1\$6880-01$aQūshtī, Aḥmad,$eauthor.
=245  10$6880-02$aNaẓarīyat al-saʻādah bayna al-Ghazzālī wa-Ibn Taymīyah /$cD. Aḥmad Qūshtī ʻAbd al-Raḥīm.
=250  \\$6880-03$aal-Ṭabʻah al-ūlá.
=264  \1$6880-04$aJiddah :$bMarkaz al-Taʼṣīl lil-Dirāsāt wa-al-Buḥūth,$c2014.
=300  \\$a103 pages ;$c24 cm
=336  \\$atext$btxt$2rdacontent
=337  \\$aunmediated$bn$2rdamedia
=338  \\$avolume$bnc$2rdacarrier
=490  1\$6880-05$aAwrāq fikrīyah ;$v10
=504  \\$aIncludes bibliographical references (p. 93-101).
=650  \0$aHappiness$xReligious aspects$xIslam.
=650  \0$aIslamic philosophy.
=830  \0$6880-06$aAwrāq fikrīyah ;$v10.
=852  0\$aNNU$bBOBST$cMAIN$hBP190.5.H34$iQ848 2014$p31142058154728
=880  1\$6100-01/(3/r$aقوشتي، احمد،$eauthor.
=880  10$6245-02/(3/r$aنظرية السعادة بين الغزالي وابن تيمية /$cد. أحمد قوشتي عبد الرحيم.
=880  \\$6250-03/(3/r$aالطبعة الأولى.
=880  \1$6264-04/(3/r$aجدة :$bمركز التأصيل للدراسات والبحوث،$c2014.
=880  1\$6490-05/(3/r$aأوراق فكرية ؛$v10
=880  \0$6830-06/(3/r$aأوراق فكرية ؛$v10.
=994  \\$aC0$bN/A

