=LDR  01506nam a2200409 i 4500
=001  ocm04132064
=003  NNU
=005  20150924100558.0
=008  150330s2014\\\\ae\\\\\\\\\\\\000\0\ara\\
=040  \\$aUIU$beng$erda$cUIU
=066  \\$c(3
=020  \\$a9789947216682
=020  \\$a9947216683
=035  \\$a(OCoLC)905872950
=043  \\$af-ae---
=050  \4$aP92.5.B8$bA3 2014
=049  \\$aZYUU
=100  1\$6880-01$aBū ʻAmāmah, Ṣūrāyā,$eauthor.
=245  10$6880-02$aAwrāq lam takun lil-nashr :$bshihādah /$cṢūrāyā Bū ʻAmāmah.
=250  \\$6880-03$aal-Ṭabʻah al-thāniyah.
=264  \1$6880-04$a[Algiers] :$bManshūrāt ANEP,$c[2014]
=300  \\$a271 pages ;$c21 cm.
=336  \\$atext$btxt$2rdacontent
=337  \\$aunmediated$bn$2rdamedia
=338  \\$avolume$bnc$2rdacarrier
=490  0\$6880-05$aShihādāt
=600  10$6880-06$aBū ʻAmāmah, Ṣūrāyā.
=650  \0$aMass media$zAlgeria$vBiography.
=650  \0$aTelevision and politics$zAlgeria.
=852  0\$aNNU$bBOBST$cMAIN$hP92.5.B8$iA3 2014$p31142059554413
=880  1\$6100-01/(3/r$aبو عمامة، صورايا،$eauthor.
=880  10$6245-02/(3/r$aأوراق لم تكن للنشر :$bشهادة /$cصورايا بو عمامة.
=880  \\$6250-03/(3/r$aالطبعة الثانية.
=880  \1$6264-04/(3/r$a[Algiers] :$bمنشورات ANEP،$c[2014]
=880  0\$6490-05/(3/r$aشهادات
=880  10$6600-06/(3/r$aبو عمامة، صورايا.
=994  \\$aC0$bN/A

