=LDR  01795cam a2200373 i 4500
=001  ocm04128868
=003  NNU
=005  20150709224417.7
=008  150129s2015\\\\ua\\\\\\\b\\\\000\0\ara\d
=040  \\$aLEILA$beng$erda$cLEILA$dOCLCF$dYUS$dOCLCO
=066  \\$c(3
=020  \\$a9789773084783
=020  \\$a9773084787
=050  \4$aPJ7838.D7$bZ8 2015
=049  \\$aZYUU
=100  1\$6880-01$aQallīnī, Maḥmūd Muḥammad,$eauthor.
=245  10$6880-02$aQiyam wa-maʻayīr fī adab Yūsif Idrīs /$ciʻdād Maḥmūd al-Qallīnī.
=264  \1$6880-03$aDasūq :$bDār al-ʻIlm wa-al-Īmān lil-Nashr wa-al-Tawzīʻ,$c2015.
=300  \\$a159 pages ;$c25 cm
=336  \\$atext$btxt$2rdacontent
=337  \\$aunmediated$bn$2rdamedia
=338  \\$avolume$bnc$2rdacarrier
=504  \\$aIncludes bibliographical references.
=505  0\$6880-04$aal-ʻAyb -- al-Ḥarām -- al-ʻAskarī al-aswad -- Rijāl wa-thīrān -- Nuyūyūrk 80.
=520  \\$aIdrīs, Yūsuf; criticism and interpretation; Arabic literature; history and criticism.
=600  10$aIdrīs, Yūsuf$xCriticism and interpretation.
=650  \0$aArabic fiction$y20th century$xHistory and criticism.
=600  17$aIdrīs, Yūsuf.$2fast$0(OCoLC)fst00062596
=852  0\$aNNU$bBOBST$cMAIN$hPJ7838.D7$iZ8 2015$p31142058153084
=880  1\$6100-01/(3/r$aقليني، محمود محمد،$eمؤلف.
=880  10$6245-02/(3/r$aقيم ومعايير في أدب يوسف إدريس /$cإعداد محمود القليني.
=880  \1$6264-03/(3/r$aدسوق :$bدار العلم والإيمان للنشر والتوزيع،$c2015.
=880  0\$6505-04/(3/r$aالعيب -- الحرام -- العسكري الأسود -- رجال وثيران -- نيويورك 80.
=938  \\$aLeila Books$bLEIL$n68461

