=LDR  02032cam a2200469 i 4500
=001  ocm04133130
=003  NNU
=005  20150924100559.0
=008  150203s2014\\\\ua\\\\\\\b\\\\000\0\ara\\
=010  \\$a  2014334729
=040  \\$aDLC$beng$erda$cDLC$dOCLCO$dOCLCF
=066  \\$c(3
=020  \\$a9789776408333
=020  \\$a9776408338
=035  \\$a(OCoLC)902802076
=037  \\$c20.00 EGP
=042  \\$apcc$alcode
=050  \4$aBX136.3$b.B36 2014
=049  \\$aZYUU
=100  1\$6880-01$aBaramūsī, Sārāfīm.
=245  13$6880-02$aal-Shahādah fī nuṣūṣ al-ʻAhd al-Jadīd wa-ḥayāt al-kanīsah al-ūlá /$cal-Rāhib Sārāfīm al-Baramūsī, Dayr al-Sayyidah al-ʻAdhrāʼ, Baramūs.
=250  \\$6880-03$aal-Ṭabʻah al-ūlá.
=264  \1$6880-04$a[Cairo?] :$bMadrasat al-Iskandarīyah,$c2014.
=300  \\$a195 pages ;$c24 cm
=336  \\$atext$btxt$2rdacontent
=337  \\$aunmediated$bn$2rdamedia
=338  \\$avolume$bnc$2rdacarrier
=504  \\$aIncludes bibliographical references (pages 188-194).
=520  \\$aWitness bearing (Christianity); Bible. New Testament; Coptic Church; doctrines.
=610  20$aCoptic Church$xDoctrines.
=650  \0$aWitness bearing (Christianity)
=630  00$aBible.$pNew Testament.
=610  27$aCoptic Church.$2fast$0(OCoLC)fst00536919
=630  07$aBible.$pNew Testament.$2fast$0(OCoLC)fst01808090
=650  \7$aTheology, Doctrinal.$2fast$0(OCoLC)fst01149617
=650  \7$aWitness bearing (Christianity)$2fast$0(OCoLC)fst01176375
=852  0\$aNNU$bBOBST$cMAIN$hBX136.3$i.B36 2014$p31142058155154
=880  1\$6100-01/(3/r$aبرموسي، سارافيم.
=880  12$6245-02/(3/r$aالشهادة في نصوص العهد الجديد وحيات الكنيسة الأولى /$cالراهب سارافيم البرموسي، دير السيدة العذراء، برموس.
=880  \\$6250-03/(3/r$aالطبعة الأولى.
=880  \1$6264-04/(3/r$a[Cairo?] :$bمدرسة الإسكندرية،$c2014.
=994  \\$aC0$bN/A

