=LDR  01130nam a2200325 i 4500
=001  ocm04132106
=003  NNU
=005  20150922110300.0
=008  150415s2014\\\\ae\\\\\\\\\\\\000\f\ara\c
=040  \\$aOSU$beng$erda$cOSU
=066  \\$c(3
=020  \\$a9789947216651
=020  \\$a9947216659
=035  \\$a(OCoLC)907384291
=042  \\$apcc
=050  \4$aPJ7864.A37354$bK43 2014
=049  \\$aZYUU
=100  1\$6880-01$aṬalabāwī, Jamīlah,$eauthor.
=245  13$6880-02$aal-Khābīyah :$bmuttasaʻ li-dhākirat al-makān : riwāyah /$cJamīlah Ṭalabāwī.
=264  \1$6880-03$a[Alger] :$bEditions ANEP,$c2014.
=300  \\$a220 pages ;$c21 cm.
=336  \\$atext$btxt$2rdacontent
=337  \\$aunmediated$bn$2rdamedia
=338  \\$avolume$bnc$2rdacarrier
=500  \\$aNovel.
=852  0\$aNNU$bBOBST$cMAIN$hPJ7864.A37354$iK43 2014$p31142058154512
=880  1\$6100-01/(3/r$aطلباوي، جميلة.
=880  12$6245-02/(3/r$aالخابية :$bمتسع لذاكرة المكان : رواية /$cجميلة طلباوي.
=880  \1$6264-03/(3/r$a[Alger] :$bمنشورات ANEP,$c2014.
=994  \\$aC0$bTEF

