=LDR  02226cam a2200481 i 4500
=001  ocm04138267
=003  NNU
=005  20150924100559.0
=008  140118s2012\\\\wj\\\\\\\b\\\\000\0\ara\d
=010  \\$a  2013329436
=040  \\$aIUL$beng$erda$cIUL$dDLC$dOCLCF
=066  \\$c(3
=020  \\$a9789950382008
=020  \\$a9950382009
=035  \\$a(OCoLC)868169814
=042  \\$alccopycat$alcode
=043  \\$aawba---$aawgz---
=050  \4$aHQ1236.5.W45$bM866 2012
=049  \\$aZYUU
=100  1\$6880-01$aMuṣliḥ, Rūz Shūmalī.
=245  13$6880-02$aal-Mushārakah al-sīyāsīyah lil-marʼah al-Filasṭīnīyah wa-ṣanʻ al-qarār =$bPalestinian women : political participation and decision making /$cRūz Shūmalī Muṣliḥ.
=246  31$aPalestinian women :$bpolitical participation and decision making
=264  \1$6880-03$a[Rām Allāh?] :$bMarkaz al-Abḥāth, Munaẓẓamat al-Taḥrīr al-Filasṭīnīyah,$c2012.
=300  \\$a128 pages ;$c24 cm
=336  \\$atext$2rdacontent
=337  \\$aunmediated$2rdamedia
=338  \\$avolume$2rdacarrier
=504  \\$aIncludes bibliographical references.
=650  \0$aWomen$xPolitical activity$zWest Bank.
=650  \0$aWomen$xPolitical activity$zGaza Strip.
=650  \0$aPolitical participation$zWest Bank.
=650  \0$aPolitical participation$zGaza Strip.
=650  \7$aPolitical participation.$2fast$0(OCoLC)fst01069386
=650  \7$aWomen$xPolitical activity.$2fast$0(OCoLC)fst01734136
=651  \7$aGaza Strip.$2fast$0(OCoLC)fst01240021
=651  \7$aWest Bank.$2fast$0(OCoLC)fst01243256
=710  2\$6880-04$aMunaẓẓamat al-Taḥrīr al-Filasṭīnīyah.$bMarkaz al-Abḥāth.
=852  0\$aNNU$bBOBST$cMAIN$hHQ1236.5.W45$iM866 2012$p31142059554454
=880  1\$6100-01/(3/r$aمصلح، روز شوملي.
=880  12$6245-02/(3/r$aالمشاركة السياسية للمرأة الفلسطينية وصنع القرار /$cروز شوملي مصلح.
=880  \1$6264-03/(3/r$a[Rām Allāh?] :$bمركز الابحاث، منظمة التحرير الفلسطينية،$c2012.
=880  2\$6710-04/(3/r$aمنظمة التحرير الفلسطينية.$bمركز الابحاث.
=994  \\$aC0$bN/A

