=LDR  02078cam a2200409 i 4500
=001  ocm04136426
=003  NNU
=005  20150922101215.0
=008  140611s2014\\\\iq\\\\\\\b\\\\000\0\ara\\
=010  \\$a  2014337563
=040  \\$aDLC$beng$erda$cDLC$dTEF
=066  \\$c(3
=035  \\$a(OCoLC)919315183
=042  \\$apcc$alcode
=050  \4$aHV6322.7$b.I834 2014
=049  \\$aZYUU
=100  1\$6880-01$aʻĪsá, Ḥusayn ʻAbd ʻAlī,$eauthor.
=245  10$6880-02$aDirāsatān akādīmīyatān ḥawla jarāʼim al-ibādah al-jamāʻīyah :$bal-Anfāl inmūdhajan /$cal-Duktūr Ḥusayn ʻAbd ʻAlī ʻĪsá ; taḥrīr al-Bāḥithah al-Iʻlāmīyah Amīrah ʻAbd Allāh al-Jāf.
=246  1\$6880-03$iTitle on page 4 of cover:$aAnfāl
=264  \1$6880-04$a[Sulaymaniyah] :$bMuʼassasah Jamāl ʻIrfān al-Thaqāfīyah,$c2014.
=300  \\$a146 pages ;$c21 cm
=336  \\$atext$btxt$2rdacontent
=337  \\$aunmediated$bn$2rdamedia
=338  \\$avolume$bnc$2rdacarrier
=500  \\$6880-05$a"Bi-munāsabat dhikrá (26) min jarīmat al-Anfāl"--Cover.
=504  \\$aIncludes bibliographical references (pages 135-146).
=650  \0$aGenocide.
=650  \0$aAnfal Campaign, Iraq, 1986-1989.
=700  1\$6880-06$aJāf, Amīrah ʻAbd Allāh,$eeditor.
=852  0\$aNNU$bBOBST$cMAIN$hHV6322.7$i.I834 2014$p31142058156137
=880  1\$6100-01/(3/r$aعيسى، حسين عبد علي.
=880  10$6245-02/(3/r$aدراستان اكاديميتان حول جرائم الإبادة الجماعية :$bالأنفال نموذجا /$cالدكتور حسين عبد علي عيسى ؛ تحرير الباحثة الإعلامية أميرة عبد الله الجاف.
=880  1\$6246-03/(3/r$iTitle on page 4 of cover:$aأنفال
=880  \1$6264-04/(3/r$a[Sulaymaniyah] :$bمؤسسة جمال عرفان الثقافية،$c2014.
=880  \\$6500-05/(3/r$a"بمناسبة ذكرى (26) من جريمة الانفال"--Cover.
=880  1\$6700-06/(3/r$aجاف، اميرة عبد الله،$eeditor.
=994  \\$aC0$bTEF

