=LDR  02139cam a2200445 i 4500
=001  ocm04132159
=003  NNU
=005  20150922012612.0
=008  150421s2013\\\\ae\b\\\\\b\\\f000\0\ara\\
=040  \\$aPUL$erda$cPUL$dOCLCF
=066  \\$c(3
=035  \\$a(OCoLC)907685941
=043  \\$af-ae---$aff-----
=050  \4$aDT295$b.M3646 2013
=049  \\$aZYUU
=100  1\$6880-01$aMaqlātī, ʻAbd Allāh,$eauthor.
=245  14$6880-02$aal-ʻAlāqāt al-Jazāʼirīyah al-Maghāribīyah :$bibbān al-thawrah al-taḥrīrīyah /$cal-Duktūr ʻAbd Allāh Maqlātī.
=264  \1$6880-03$aal-Jazāʼir :$bWizārat al-Thaqāfah :$bDār Būsaʻādah lil-Nashr wa-al-Tawsīʻ,$c[2013]
=300  \\$a2 volumes :$bmaps ;$c24 cm
=336  \\$atext$btxt$2rdacontent
=337  \\$aunmediated$bn$2rdamedia
=338  \\$avolume$bnc$2rdacarrier
=500  \\$6880-04$a"Ibbān al-thawrah al-Jazāʼirīyah"--cover page.
=504  \\$aIncludes bibliographical references (volume 2, pages 615-650).
=651  \0$aAlgeria$xHistory$yRevolution, 1954-1962.
=651  \0$aAlgeria$xForeign relations$zAfrica, North.
=651  \0$aAfrica, North$xForeign relations$zAlgeria.
=611  27$aRevolution (Algeria : 1954-1962)$2fast$0(OCoLC)fst01354461
=650  \7$aDiplomatic relations.$2fast$0(OCoLC)fst01907412
=651  \7$aAfrica, North.$2fast$0(OCoLC)fst01239515
=651  \7$aAlgeria.$2fast$0(OCoLC)fst01205459
=648  \7$a1954 - 1962$2fast
=655  \7$aHistory.$2fast$0(OCoLC)fst01411628
=852  0\$aNNU$bBOBST$cMAIN$hDT295$i.M3646 2013$3v.1$p31142058154439
=852  0\$aNNU$bBOBST$cMAIN$hDT295$i.M3646 2013$3v.2$p31142058154447
=880  1\$6100-01/(3/r$aمقلاتي، عبد الله،$eauthor.
=880  12$6245-02/(3/r$aالعلاقات الجزائرية المغاربية :$bابان الثورة التحريرية /$cالدكتور عبد الله مقلاتي.
=880  \1$6264-03/(3/r$aالجزائر :$bوزارة الثقافة :$bدار بوسعادة للنشر والتوسيع،$c[2013]
=880  \\$6500-04/(3/r$a"ابان الثورة الجزائرية"--cover page.
=994  \\$aC0$bTEF

