=LDR  02095cam a2200517 i 4500
=001  ocm04132087
=003  NNU
=005  20150922022237.0
=008  150417s2009\\\\ae\\\\\\\b\\\\000\0\ara\\
=040  \\$aPUL$erda$cPUL$dPUL$dOCLCF
=066  \\$c(3
=020  \\$a9789931431350 (v. 1)
=020  \\$a9931431350 (v. 1)
=020  \\$a9789931431367 (v. 2)
=020  \\$a9931431369 (v. 2)
=020  \\$a9789931431367 (v. 3)
=020  \\$a9931431369 (v. 3)
=035  \\$a(OCoLC)907556492
=043  \\$af-ae---$af-ti---
=050  \4$aDT295$b.L323 2009
=049  \\$aZYUU
=100  1\$6880-01$aLawlab, Ḥabīb Ḥasan,$eauthor.
=245  13$6880-02$aal-Tūnisīyūn wa-al-thawrah al-Jazāʼirīyah /$cḤabīb Ḥasan al-Lawlab.
=264  \1$6880-03$aal-Jazāʼir :$bWizārat al-Thaqāfah :$bManshūrāt Sīdī Nāyil,$c[2009]
=300  \\$a3 volumes ;$c25 cm
=336  \\$atext$btxt$2rdacontent
=337  \\$aunmediated$bn$2rdamedia
=338  \\$avolume$bnc$2rdacarrier
=500  \\$aPreface dated: 2009.
=504  \\$aIncludes bibliographical references.
=651  \0$aAlgeria$xHistory$yRevolution, 1954-1962.
=651  \0$aAlgeria$xForeign relations$zTunisia.
=651  \0$aTunisia$xForeign relations$zAlgeria.
=611  27$aRevolution (Algeria : 1954-1962)$2fast$0(OCoLC)fst01354461
=650  \7$aDiplomatic relations.$2fast$0(OCoLC)fst01907412
=651  \7$aAlgeria.$2fast$0(OCoLC)fst01205459
=651  \7$aTunisia.$2fast$0(OCoLC)fst01205477
=648  \7$a1954 - 1962$2fast
=655  \7$aHistory.$2fast$0(OCoLC)fst01411628
=852  0\$aNNU$bBOBST$cMAIN$hDT295$i.L323 2009$3v.1$p31142058154454
=852  0\$aNNU$bBOBST$cMAIN$hDT295$i.L323 2009$3v.2$p31142058154462
=852  0\$aNNU$bBOBST$cMAIN$hDT295$i.L323 2009$3v.3$p31142058154470
=880  1\$6100-01/(3/r$aلولب، حبيب حسن،$eauthor.
=880  12$6245-02/(3/r$aالتونسيون والثورة الجزائرية /$cحبيب حسن اللولب.
=880  \1$6264-03/(3/r$aالجزائر :$bوزارة الثقافة :$bمنشورات سيدي نايل،$c[2009]
=994  \\$aC0$bTEF

