=LDR  01632nam a2200373 i 4500
=001  ocm04132052
=003  NNU
=005  20150922022649.0
=008  150901s2013\\\\ae\a\\\\\b\\\\000\0\ara\d
=040  \\$aYUS$beng$erda$cYUS
=066  \\$c(3
=020  \\$a9789931430018
=020  \\$a993143001X
=035  \\$a(OCoLC)919508071
=043  \\$af-ae---
=050  \4$aDT295$b.M357 2013
=049  \\$aZYUU
=100  1\$6880-01$aMaqlātī, ʻAbd Allāh,$eauthor.
=245  10$6880-02$aIshkālīyat al-taslīḥ ibbāna al-thawrah al-taḥrīrīyah, 1954-1962 /$cal-Duktūr Maqlātī ʻAbd Allāh.
=246  14$6880-03$aIshkālīyat al-taslīḥ khilāla al-thawrah al-Jazāʼirīyah, 1954-1962
=264  \1$6880-04$a[Algeria] :$b[Ibtikār lil-Nashr wa-al-Tawzīʻ],$c[2013]
=300  \\$a328 pages :$billustrations ;$c24 cm
=336  \\$atext$2rdacontent
=337  \\$aunmediated$2rdamedia
=338  \\$avolume$2rdacarrier
=504  \\$aIncludes bibliographical references (pages 317-325).
=651  \0$aAlgeria$xHistory$yRevolution, 1954-1962.
=650  \0$aMilitary weapons$zAlgeria.
=852  0\$aNNU$bBOBST$cMAIN$hDT295$i.M357 2013$p31142058154587
=880  1\$6100-01/(3/r$aعبد الله، مقلاتي،$eمؤلف.
=880  10$6245-02/(3/r$aإشكالية التسليح إبان الثورة التحريرية، 1954-1962 /$cالدكتور مقلاتي عبد الله.
=880  14$6246-03/(3/r$aإشكالية التسليح خلال الثورة الجزائرية، 1954-1962
=880  \1$6264-04/(3/r$a[الجزائر] :$b[ابتكار للنشر والتوزيع]،$c[2013]
=994  \\$aC0$bTEF

