=LDR  01431cam a2200313 a 4500
=001  ocm04128881
=003  NNU
=005  20150623130853.2
=008  150225s2015\\\\ua\\\\\\\b\\\\000\0\ara\d
=040  \\$aLEILA$beng$cLEILA$dTEF
=066  \\$c(3
=020  \\$a9789777610407
=020  \\$a9777610408
=050  \4$aKBP1675$b.S24 2015
=049  \\$aZYUU
=100  1\$6880-01$aṢaghīr, ʻAbd al-ʻAzīz ibn Muḥammad.
=245  13$6880-02$aal-Shahādah fī al-sharīʻah al-Islāmīyah wifqān lil-qānūn al-Saʻūdī /$cʻAbd al-ʻAzīz ibn Muḥammad al-Ṣaghīr.
=250  \\$6880-03$aal-Ṭabʻah 1.
=260  \\$6880-04$aal-Qāhirah :$bal-Markaz al-Qawmī lil-Iṣdārāt al-Qānūnīyah,$c2015.
=300  \\$a351 p. ;$c24 cm.
=504  \\$aIncludes bibliographical references (p. 339-340).
=520  \\$aWitnesses; Islamic law; Saudi Arabia.
=650  \0$aWitnesses (Islamic law)$zSaudi Arabia.
=852  0\$aNNU$bBOBST$cMAIN$hKBP1675$i.S24 2015$p31142058153134
=880  1\$6100-01/(3/r$aصغير، عبد العزيز بن محمد.
=880  12$6245-02/(3/r$aالشهادة في الشريعة الإسلامية وفقا للقانون السعودي /$cعبد العزيز بن محمد الصغير.
=880  \\$6250-03/(3/r$aالطبعة ١.
=880  \\$6260-04/(3/r$aالقاهرة :$bالمركز القومي للإصدارات القانونية،$c2015.
=938  \\$aLeila Books$bLEIL$n70151

