=LDR  01329cam a2200313 i 4500
=001  ocm04132086
=003  NNU
=005  20150922103339.0
=008  150813s2014\\\\ae\\\\\\\b\\\\000\0\ara\d
=040  \\$aLEILA$beng$cLEILA$dTEF
=066  \\$c(3
=020  \\$a9789931030102
=020  \\$a9931030100
=035  \\$a(OCoLC)919527115
=050  \4$aDS119.767$b.L363 2014
=049  \\$aZYUU
=100  1\$6880-01$aLaʻqāb, Muḥammad.
=245  10$6880-02$aTahwīd al-waʻy al-ʻArabī :$bal-ḥarb ʻalá Ghazzah bayna al-taḥāluf al-gharbī al-Ṣihyūnī wa-al-taḥāluf al-ʻArabī al-Ṣihyūnī /$cMuḥammad Laʻqāb.
=260  \\$6880-03$aal-Jazāiʼr :$bDār Hūmah,$c2014.
=300  \\$a196 p. ;$c22 cm.
=504  \\$aIncludes bibliographical references (p. 185-188).
=650  \0$aGaza War, 2008-2009.
=650  \0$aArab-Israeli conflict$y1993-
=852  0\$aNNU$bBOBST$cMAIN$hDS119.767$i.L363 2014$p31142059554389
=880  1\$6100-01/(3/r$aلعقاب، محمد.
=880  10$6245-02/(3/r$aتهويد الوعي العربي :$bالحرب على غزة بين التحالف الغربي الصهيوني والتحالف العربي الصهيوني /$cمحمد لعقاب.
=880  \\$6260-03/(3/r$aالجزائر :$bدار هومه،$c2014.
=938  \\$aLeila Books$bLEIL$n73088
=994  \\$aC0$bTEF

