=LDR  01393nam a2200337 i 4500
=001  ocm04132038
=003  NNU
=005  20150922022521.0
=008  150901s2013\\\\ae\\\\\\\b\\\f000\0\ara\d
=040  \\$aYUS$beng$erda$cYUS
=066  \\$c(3
=020  \\$a9789931431343
=020  \\$a9931431342
=035  \\$a(OCoLC)919498964
=043  \\$aff-----
=050  \4$aDT204$b.L39 2013
=049  \\$aZYUU
=100  1\$6880-01$aLawlab, Ḥabīb Ḥasan,$eauthor.
=245  10$6880-02$aAbḥāth wa-dirāsāt fī tārīkh al-Maghrib al-ʻArabī al-muʻāṣir /$cal-Ustādh Ḥabīb Ḥasan al-Lawlab.
=264  \1$6880-03$a[Algeria] :$b[Wizārat al-Thaqāfah] ; [Manshūrāt Sīdī Nāyil],$c[2013]
=300  \\$a528 pages ;$c24 cm
=336  \\$atext$btxt$2rdacontent
=337  \\$aunmediated$bn$2rdamedia
=338  \\$avolume$bnc$2rdacarrier
=504  \\$aIncludes bibliographical references (pages 515-524).
=651  \0$aAfrica, North$xHistory.
=852  0\$aNNU$bBOBST$cMAIN$hDT204$i.L39 2013$p31142058154520
=880  1\$6100-01/(3/r$aلولب، حبيب حسن،$eمؤلف.
=880  10$6245-02/(3/r$aأبحاث ودراسات في تاريخ المغرب العربي المعاصر /$cالأستاذ حبيب حسن اللولب.
=880  \1$6264-03/(3/r$a[الجزائر] :$b[وزارة الثقافة] ؛ [منشورات سيدي نايل]،$c[2013]
=994  \\$aC0$bTEF

