=LDR  02184cam a2200409 i 4500
=001  ocm04123278
=003  NNU
=005  20150922012355.0
=008  140608s2013\\\\iq\ab\\\\b\\\\001\0\ara\\
=010  \\$a  2014337662
=040  \\$aDLC$beng$erda$cDLC$dOCLCO$dTEF
=066  \\$c(3
=035  \\$a(OCoLC)920683112
=042  \\$apcc$alcode
=050  \4$aLC910.K8$bM843 2013
=049  \\$aZYUU
=100  1\$6880-01$aMuḥammad, Saʻīd Muḥammad Aḥmad,$d1945-2011,$eauthor.
=245  10$6880-02$aMadrasat Qubbahān fī al-ʻImādīyah wa-dawruhā fī nashr al-ʻulūm al-Islāmīyah fī Kurdstān, 940-1380H/1534-1961M /$cD. Saʻīd Muḥammad Aḥmad al-Muḥammad.
=250  \\$6880-03$aal-Ṭabʻah al-ūlá.
=264  \1$6880-04$aDuhūk :$bal-Mudīrīyah al-ʻĀmmah lil-Ṣiḥāfah wa-al-Ṭibāʻah wa-al-Nashr, Mudīrīyat al-Ṭibāʻah wa-al-Nashr fī Duhūk,$c2013.
=300  \\$a434 pages :$billustrations, map ;$c21 cm
=336  \\$atext$btxt$2rdacontent
=337  \\$aunmediated$bn$2rdamedia
=338  \\$avolume$bnc$2rdacarrier
=500  \\$aOriginally presented as the author's thesis (master)--Majlis Kullīyat al-Imām al-Awzāʻī lil-Dirāsāt al-Islāmīyah.
=504  \\$aIncludes bibliographical references (pages 420-428) and indexes.
=520  \\$aQabbahan school; Islamic sudies; history.
=610  20$6880-05$aMadrasat Qubbahān$xHistory.
=650  \0$aIslamic education$zKurdistan$xHistory.
=650  \0$aIslam$zKurdistan$xHistory.
=852  0\$aNNU$bBOBST$cMAIN$hLC910.K8$iM843 2013$p31142058152862
=880  1\$6100-01/(3/r$aمحمد، سعيد محمد أحمد.
=880  10$6245-02/(3/r$aمدرسة قبهان في العمادية ودورها في نشر العلوم الإسلامية في كردستان، ٩٤٠-١٣٨٠هـ/١٥٣٤-١٩٦١م /$cد. سعيد محمد أحمد المحمد.
=880  \\$6250-03/(3/r$aالطبعة الأولى.
=880  \1$6264-04/(3/r$aدهوك :$bالمديرية العامة للصحافة والطباعة والنشر، مديرية الطباعة والنشر في دهوك،$c2013.
=880  24$6610-05/(3/r$aمدرسة قبهان.
=994  \\$aC0$bTEF

