=LDR  01762nam a2200361 i 4500
=001  ocm04123841
=003  NNU
=005  20150922124954.0
=008  150922s2015\\\\le\a\\\\\b\\\\000\0\ara\d
=040  \\$aNNU$beng$erda$cTEF
=066  \\$c(3
=020  \\$a9786144182659
=020  \\$a6144182659
=035  \\$a(OCoLC)921889353
=050  \4$aDS243$b.K489 2015
=049  \\$aZYUU
=100  1\$6880-01$aKhuwayṭir, Khālid ibn Sulaymān ibn ʻAlī,$eauthor.
=245  10$6880-02$aKawn al-Malīdā wa-muʻarrakat Ḥuraymilāʼ :$bdirāsah tārīkhīyah shāmilah li-waqāʼiʻ muʻarrakah al-Malīdā ʻām 1308 H wa-waṣīfatuhā muʻarrakah Ḥuraymilāʼ ʻām 1309 H /$cKhālid ibn Sulaymān ibn ʻAlī al-Khuwayṭir.
=250  \\$6880-03$aal-Ṭabʻah al-ūlá.
=264  \1$6880-04$aBayrūt, Lubnān :$bJadāwil,$c2015.
=300  \\$a317 pages :$billustrations ;$c24 cm
=336  \\$atext$btxt$2rdacontent
=337  \\$aunmediated$bn$2rdamedia
=338  \\$avolume$bnc$2rdacarrier
=504  \\$aIncludes bibliographical references (pages 305-317).
=651  \0$aSaudi Arabia$xHistory.
=650  \0$aWahhābīyah$zSaudi Arabia.
=852  0\$aNNU$bBOBST$cMAIN$hDS243$i.K489 2015$p31142058153548
=880  1\$6100-01/(3/r$aخويطر، خالد بن سليمان بن علي،$eauthor.
=880  10$6245-02/(3/r$aكون المليدا ومعركة حريملاء :$bدراسة تاريخية شاملة لوقائع معركة المليدا عام 1308 هـ ووصيفتها معركة حريملاء عام 1309 هـ /$cخالد بن سليمان بن علي الخويطر.
=880  \\$6250-03/(3/r$aالطبعة الأولى.
=880  \1$6264-04/(3/r$aبيروت، لبنان :$bجداول،$c2015.
=994  \\$aC0$bTEF

