=LDR  01534cam a2200313 i 4500
=001  ocm04133217
=003  NNU
=005  20150714040810.4
=008  150112s2015\\\\ua\a\\\\\b\\\\001\0\ara\c
=040  \\$aYUS$beng$erda$cYUS
=066  \\$c(3
=020  \\$a9772329700
=020  \\$a9789772329700
=042  \\$apcc
=050  \4$aN6260$b.Y86 2015
=049  \\$aZYUU
=100  1\$6880-01$aYūnus, ʻĪd Saʻd,$eauthor.
=245  10$6880-02$aJamāl-- wa-ẓilāl :$bdirāsah naqdīyah fī jamālīyāt al-fann al-Islāmī wa-ẓilālih ʻalá al-fann al-ḥadīth /$ctaʼlīf Duktūr ʻĪd Saʻd Yūnus, ustādh al-tadhawwuq wa-al-naqd al-fannī, Jāmiʻat ʻAyn Shams.
=264  \1$6880-03$aal-Qāhirah :$bʻĀlam al-Kutub,$c2015.
=300  \\$a432 pages, [40] pages of plates :$billustrations (mostly color) ;$c24 cm
=336  \\$atext$btxt$2rdacontent
=337  \\$aunmediated$bn$2rdamedia
=338  \\$avolume$bnc$2rdacarrier
=504  \\$aIncludes bibliographical references (pages 419-421) and index.
=650  \0$aIslamic art.
=852  0\$aNNU$bBOBST$cMAIN$hN6260$i.Y86 2015$p31142058155485
=880  1\$6100-01$aيونس، عيد سعد،$eمؤلف.
=880  10$6245-02$aجمال-- وظلال :$bدراسة نقدية في جماليات الفن الإسلامي وظلاله على الفن الحديث /$cتأليف دكتور عيد سعد يونس، أستاذ التذوق والنقد الفني، جامعة عين شمس.
=880  \1$6264-03$aالقاهرة :$bعالم الكتب،$c2015.

