=LDR  01820cam a2200421 i 4500
=001  ocm04133182
=003  NNU
=005  20150922015947.0
=008  150824s2014\\\\su\\\\\\\b\\\\000\0\ara\\
=010  \\$a  2015347612
=040  \\$aDLC$beng$erda$cDLC$dTEF
=066  \\$c(3
=035  \\$a(OCoLC)921240676
=037  \\$c30.00 SAR
=042  \\$apcc$alcode
=050  \4$aBF698.9.S63$bQ848 2014
=049  \\$aZYUU
=100  1\$6880-01$aQūshtī, Aḥmad.
=245  10$6880-02$aAthar al-khaṣāʼiṣ al-shakhṣīyah ʻalá ẓuhūr al-ittijāhāt al-fikrīyah :$bMiṣr namūdhajan /$cD. Aḥmad Qūshtī ʻAbd al-Raḥīm.
=250  \\$6880-03$aal-Ṭabʻah al-ūlá.
=264  \1$6880-04$aJiddah :$bMarkaz al-Taʼṣīl lil-Dirāsāt wa-al-Buḥūth,$c2014.
=300  \\$a136 pages ;$c24 cm.
=336  \\$atext$btxt$2rdacontent
=337  \\$aunmediated$bn$2rdamedia
=338  \\$avolume$bnc$2rdacarrier
=490  0\$6880-05$aAwrāq fikrīyah ;$v12
=504  \\$aIncludes bibliographical references (pages 125-134).
=520  \\$aPersonality; national characteristics; Egypt; intellectual life; 20th century.
=650  \0$aPersonality$xSocial aspects.
=650  \0$aNational characteristics.
=651  \0$aEgypt$xIntellectual life$y20th century.
=852  0\$aNNU$bBOBST$cMAIN$hBF698.9.S63$iQ848 2014$p31142058154710
=880  1\$6100-01/(3/r$aقوشتي، أحمد.
=880  10$6245-02/(3/r$aأثر الخصائص الشخصية على ظهور الإتجاهات الفكرية :$bمصر نموذجا /$cد. أحمد قوشتي عبد الرحيم.
=880  \\$6250-03/(3/r$aالطبعة الأولى.
=880  \1$6264-04/(3/r$aجدة :$bمركز التأصيل للدراسات والبحوث،$c2014.
=880  0\$6490-05/(3/r$aأوراق فكرية ؛$v12
=994  \\$aC0$bTEF

