=LDR  01049nam a2200313 i 4500
=001  ocm04132200
=003  NNU
=005  20150924100559.0
=008  150922s2014\\\\ae\\\\\\\\\\\\000\p\ara\d
=040  \\$aNNU$beng$erda$cTEF
=066  \\$c(3$c(4
=020  \\$a9789947216699
=020  \\$a9947216691
=035  \\$a(OCoLC)921886710
=050  \4$aPJ7960.A845$bH33 2014
=049  \\$aZYUU
=100  1\$6880-01$aRashīd, Nānnā,$eauthor.
=245  10$6880-02$aHadīl jurḥ :$bshiʻr /$cNānnā al-Rashīd.
=264  \1$6880-03$aal-Jazāʼir :$bManshūrāt ANEP,$c2014.
=300  \\$a194 pages ;$c18 cm
=336  \\$atext$btxt$2rdacontent
=337  \\$aunmediated$bn$2rdamedia
=338  \\$avolume$bnc$2rdacarrier
=500  \\$aPoetry.
=852  0\$aNNU$bBOBST$cMAIN$hPJ7960.A845$iH33 2014$p31142058154579
=880  1\$6100-01/(3/r$aرشيد، نانّا،$eauthor.
=880  10$6245-02/(3/r$aهديل جرح :$bشعر /$cنانّا الرشيد.
=880  \1$6264-03/(3/r$aالجزائر :$bمنشورات اننپ،$c2014.
=994  \\$aC0$bN/A

