=LDR  02954cam a2200553 i 4500
=001  ocm04132163
=003  NNU
=005  20150922110552.0
=008  150515s2011\\\\ae\ac\\\\b\\\\000\0bara\c
=040  \\$aPAU$beng$erda$cPAU$dOCLCO$dOSU$dOCLCO
=066  \\$c(3
=020  \\$a9789931904809
=020  \\$a9931904801
=035  \\$a(OCoLC)909037715
=043  \\$af-ae---
=050  \4$aDT295.3.W37$bT39 2011
=049  \\$aZYUU
=100  1\$6880-01$aTāwartah, Muḥammad al-ʻĪd,$eauthor & compiler.
=245  14$6880-02$aal-ʻĀlim al-mujāhid al-Jazāʼirī wa-al-dāʻīyah al-Islāmī al-kabīr, al-Faḍīl Ḥasanayn al-Wartalānī (1900-1959) :$bnuṣūṣ min āthārihi wa-shahādāt al-ʻārifīn bi-jihādih, jamʻ wa-tansīq wa-tawthīq wa-taʻlīq /$cU.D. Muḥammad al-ʻĪd Tāwartah, U. Masʻūd Ḥasanayn al-Wartalānī.
=246  30$6880-03$aFaḍīl Ḥasanayn al-Wartalānī (1900-1959)
=264  \1$6880-04$aal-Jazāʼir :$bDār Aliksandar,$c2011.
=300  \\$a435 pages :$billustrations (some color), portraits ;$c24 cm
=336  \\$atext$btxt$2rdacontent
=337  \\$aunmediated$bn$2rdamedia
=338  \\$avolume$bnc$2rdacarrier
=504  \\$aIncludes bibliographical references (pages 425-428).
=600  10$6880-05$aWartalānī, al-Faḍīl Ḥasanayn.
=650  \0$aIntellectuals$zAlgeria$vBiography.
=650  \0$aMuslim scholars$zAlgeria$vBiography.
=650  \0$aNationalists$zAlgeria$vBiography.
=651  \0$aAlgeria$xIntellectual life.
=650  \0$aNational liberation movements$zAlgeria.
=700  1\$6880-06$aWartalānī, al-Faḍīl Ḥasanayn.
=700  1\$6880-07$aWartalānī, Masʻūd Ḥasanayn,$eauthor,$ecompiler.
=852  0\$aNNU$bBOBST$cMAIN$hDT295.3.W37$iT39 2011$p31142058154249
=880  1\$6100-01/(3/r$aتاورتة، محمد العيد.
=880  12$6245-02/(3/r$aالعالم المجاهد الجزائري والداعية الاسلامي الكبير، الفضيل حسنين الورتلاني (1900-1959) :$bنصوص من آثاره وشهادات العارفين بجهاده، جمع وتنسيق وتوثيق وتعليق /$cا.د. محمد العيد تاورتة، ا. مسعود حسنين الورتلاني.
=880  30$6246-03/(3/r$aفضيل حسنين الورتلاني (1900-1959)
=880  \1$6264-04/(3/r$aالجزائر :$bدار الكسندر،$c2011.
=880  10$6600-05/(3/r$aورتلاني، الفضيل حسنين.
=880  \7$6650-00/(3/r$aالحياة الفكرية$2qrmak
=880  \7$6650-00/(3/r$aالفقهاء$2qrmak
=880  \7$6650-00/(3/r$aحركات التحرير$2qrmak
=880  \7$6650-00/(3/r$aالمثقفون$2qrmak
=880  \7$6651-00/(3/r$aالجزائر$2qrmak
=880  \7$6655-00/(3/r$aتراجم$2qrmak
=880  1\$6700-06/(3/r$aورتلاني، الفضيل حسنين.
=880  1\$6700-07/(3/r$aورتلاني، مسعود حسنين.
=994  \\$aC0$bTEF

