=LDR  01897nam a2200385 i 4500
=001  ocm04132153
=003  NNU
=005  20150922022814.0
=008  150812s2013\\\\ae\a\\\\\b\\\\000\0\ara\d
=040  \\$aYUS$beng$erda$cYUS
=066  \\$c(3
=020  \\$a9789931432258
=020  \\$a993143225X
=035  \\$a(OCoLC)917900310
=043  \\$af-ti---
=050  \4$aLA1673.7$b.L39 2013
=049  \\$aZYUU
=100  1\$6880-01$aLawlab, Ḥabīb Ḥasan,$eauthor.
=245  13$6880-02$aal-Ṭalabah al-Jazāʼirīyūn fī al-bilād al-Tūnisīyah, 1876-1962 /$cḤabīb Ḥasan al-Lawlab.
=246  14$6880-03$aṬalabah al-Jazāʼirīyūn bi-al-bilād al-Tūnisīyah
=264  \1$6880-04$a[Algeria] :$b[Dār Sīdī al-Khayr],$c[2013?]
=300  \\$a743 pages :$billustrations ;$c24 cm
=336  \\$atext$btxt$2rdacontent
=337  \\$aunmediated$bn$2rdamedia
=338  \\$avolume$bnc$2rdacarrier
=504  \\$aIncludes bibliographical references (pages 734-738).
=500  \\$6880-05$a"Ṣadara hādhā al-kitāb bi-daʻm min Wizārat al-Thaqāfah bi-munāsabat Iḥtifālīyat al-Dhikrá al-Khamsīn lil-Istiqlāl"--Page [4] of cover.
=650  \0$aAlgerian students$zTunisia$xHistory.
=852  0\$aNNU$bBOBST$cMAIN$hLA1673.7$i.L39 2013$p31142058154363
=880  1\$6100-01/(3/r$aلولب، حبيب حسن،$eمؤلف.
=880  12$6245-02/(3/r$aالطلبة الجزائريون في البلاد التونسية، 1876-1962 /$cحبيب حسن اللولب.
=880  14$6246-03/(3/r$aطلبة الجزائريون بالبلاد التونسية
=880  \1$6264-04/(3/r$a[الجزائر] :$b[دار سيدي الخير]،$c[2013؟]
=880  \\$6500-05/(3/r$a"صدر هذا الكتاب بدعم من وزارة الثقافة بمناسبة احتفالية الذكرى الخمسين للاستقلال"--صفحة [4] للغلاف.
=994  \\$aC0$bTEF

