=LDR  01623cam a2200361 i 4500
=001  ocm04132190
=003  NNU
=005  20150922025206.0
=008  150812s2013\\\\ae\\\\\\\b\\\\000\0\ara\c
=040  \\$aYUS$beng$erda$cYUS$dLEILA
=066  \\$c(3
=020  \\$a9789961658208
=020  \\$a9961658205
=035  \\$a(OCoLC)917887396
=042  \\$apcc
=043  \\$ama-----
=050  \4$aPN5359$b.R399 2013
=049  \\$aZYUU
=100  1\$aRazzāqī, ʻAbd al-ʻĀl,$eauthor.
=245  13$6880-01$aal-Mihnah ṣaḥafī muḥtarif :$bqawānīn al-iʻlām wa-akhlāqīyāt al-ṣiḥāfah fī 22 dawlah ʻArabīyah : al-tajāwuzāt fī al-mumārasah al-mihnīyah /$cU.D. ʻAbd al-ʻĀlī Razzāqī.
=246  3\$aMihnah ṣuḥufī muḥtarif
=264  \1$6880-02$aal-Jazāʼir :$bDār Hūmah lil-Ṭibāʻah wa-al-Nashr wa-al-Tawzīʻ,$c2013.
=300  \\$a583 pages ;$c24 cm
=336  \\$atext$btxt$2rdacontent
=337  \\$aunmediated$bn$2rdamedia
=338  \\$avolume$bnc$2rdacarrier
=504  \\$aIncludes bibliographical references (pages 537-544).
=650  \0$aJournalism$zArab countries.
=852  0\$aNNU$bBOBST$cMAIN$hPN5359$i.R399 2013$p31142059554439
=880  12$6245-01/(3/r$aالمهنة صحفي محترف :$bقوانين الإعلام وأخلاقيات الصحافة في 22 دولة عربية : التجاوزات في الممارسة المهنية /$cأ.د. عبد العالي رزاقي.
=880  \1$6264-02/(3/r$aالجزائر :$bدار هومة للطباعة والنشر والتوزيع،$c2013.
=938  \\$aLeila Books$bLEIL$n73121
=994  \\$aC0$bTEF

