=LDR  02050cam a2200469 i 4500
=001  ocm04132196
=003  NNU
=005  20150924100559.0
=008  100119s2009\\\\ae\ab\\\\b\\\\001\0\ara\\
=010  \\$a  2009489531
=040  \\$aDLC$beng$erda$cDLC$dOCLCF$dOCLCO
=066  \\$c(3
=020  \\$a9789947901151
=020  \\$a9947901157
=035  \\$a(OCoLC)889574550
=041  0\$aara$afre
=042  \\$alcode$apcc
=043  \\$af-ae---
=050  \4$aBV3587.L38$bM59 2013
=049  \\$aZYUU
=100  1\$6880-01$aMizyān, Saʻīdī.
=245  13$6880-02$aal-Nashāṭ al-tabshīrī lil-Kārdīnāl Lāfījrī fī al-Jazāʼir, 1867M-1892M /$cD. Saʻīdī Mizyān.
=246  14$aNashāṭ al-tanṣīrī lil-Kārdīnāl Lāfījrī fī al-Jazāʼir, 1867M-1892M
=250  \\$6880-03$aal-Ṭabʻah al-ūlá.
=264  \1$6880-04$aal-Jazāʼir :$bDār al-Shurūq lil-Ṭibāʻah wa-al-Nashr wa-al-Tawzīʻ,$c2009.
=300  \\$a550 pages :$billustrations, map ;$c22 cm
=336  \\$atext$2rdacontent
=337  \\$aunmediated$2rdamedia
=338  \\$avolume$2rdacarrier
=546  \\$aIn Arabic and French.
=504  \\$aIncludes bibliographical references (pages 494-518) and indexes.
=520  \\$aLavigerie, Charles Martial Allemand,1825-1892; Christianity; preaching; Algeria.
=600  10$aLavigerie, Charles Martial Allemand,$d1825-1892.
=650  \0$aMissionaries$zAlgeria$vBiography.
=650  \0$aMissions to Muslims$zAlgeria.
=600  17$aLavigerie, Charles Martial Allemand,$d1825-1892.$2fast$0(OCoLC)fst00047001
=852  0\$aNNU$bBOBST$cMAIN$hBV3587.L38$iM59 2013$p31142058154298
=880  1\$6100-01/(3/r$aمزيان، سعيدي.
=880  12$6245-02/(3/r$aالنشاط التبشيري للكاردينال لافيجري في الجزائر، 1867م-1892م /$cد. سعيدي مزيان.
=880  \\$6250-03/(3/r$aالطبعة الأولى.
=880  \1$6264-04/(3/r$aالجزائر :$bدار الشروق للطباعة والنشر والتوزيع،$c2009.
=994  \\$aC0$bN/A

