=LDR  01568cam a2200361 i 4500
=001  ocm04132136
=003  NNU
=005  20150922030443.0
=008  150811s2013\\\\ae\a\\\\\b\\\\000\0\ara\d
=040  \\$aLEILA$beng$cLEILA$dOCLCO$dTEF
=066  \\$c(3
=020  \\$a9789947220573
=020  \\$a9947220575
=035  \\$a(OCoLC)919527205
=050  \4$aPJ7816.I52387$bZ78 2013
=049  \\$aZYUU
=100  1\$6880-01$aSāʼiḥī, Muḥammad al-Akhḍar,$d1918-
=245  13$6880-02$aal-Shāʻir Abū Bakr Muṣṭafá Ibn Raḥmūn :$bhayātuh, dīwānuh /$cMuḥammad al-Akhḍar ʻAbd al-Qādir al-Sāʼiḥī.
=250  \\$6880-03$aal-Ṭabʻah 1.
=260  \\$6880-04$aal-Jazāʼir :$bManshūrāt al-Sāʼiḥī,$c2013.
=300  \\$a366 p. :$bill. ;$c24 cm.
=504  \\$aIncludes bibliographical references (p. 339-341).
=600  10$6880-05$aBin Raḥmūn, Abū Bakr Muṣṭafá,$d1921-1984.
=650  \0$aPoets, Arab.
=650  \0$aArabic poetry$xHistory and criticism.
=852  0\$aNNU$bBOBST$cMAIN$hPJ7816.I52387$iZ78 2013$p31142058154488
=880  1\$6100-01/(3/r$aسائحي، محمد الاخضر.
=880  12$6245-02/(3/r$aالشاعر أبو بكر مصطفى بن رحمون :$bحياته، ديوانه /$cمحمد الأخضر عبد القادر السائحي.
=880  \\$6250-03/(3/r$aالطبعة ١.
=880  \\$6260-04/(3/r$aالجزائر :$bمنشورات السائحي،$c2013.
=880  14$6600-05/(3/r$aبن رحمون، ابو بكر مصطفى.
=938  \\$aLeila Books$bLEIL$n72993
=994  \\$aC0$bTEF

