=LDR  01481cam a2200385 i 4500
=001  ocm04123772
=003  NNU
=005  20150922020633.0
=008  150120s2014\\\\jo\\\\\\\\\\\\000\0\ara\\
=010  \\$a  2014337286
=040  \\$aDLC$beng$erda$cDLC$dTEF
=066  \\$c(3
=035  \\$a(OCoLC)900609239
=037  \\$c8.50 JOD
=042  \\$apcc$alcode
=050  \4$aBP134.D53$bN399 2014
=049  \\$aZYUU
=100  1\$6880-01$aNazzāl, Fawz Suhayl Kāmil,$eauthor.
=245  13$6880-02$aal-Ḥiwār fī al-Qurʼān al-karīm :$bdirāsah waẓīfīyah uslūbīyah /$cD. Fawz Suhayl Nazzāl.
=250  \\$6880-03$aal-Ṭabʻah al-ūlá.
=264  \1$6880-04$aʻAmmān :$bJuhaynah lil-Nashr wa-al-Tawzīʻ,$c2014.
=300  \\$a415 pages ;$c25 cm
=336  \\$atext$2rdacontent
=337  \\$aunmediated$2rdamedia
=338  \\$avolume$2rdacarrier
=650  \0$aDialogue in the Qurʼan.
=630  00$aQurʼan$xLanguage, style.
=650  \0$aArabic language$xGrammar.
=650  \0$aArabic language$xRhetoric.
=852  0\$aNNU$bBOBST$cMAIN$hBP134.D53$iN399 2014$p31142058154660
=880  1\$6100-01/(3/r$aنزال، فوز سهيل كامل،$eauthor.
=880  12$6245-02/(3/r$aالحوار في القرآن الكريم :$bدراسة وظيفية اسلوبية /$cد. فوز سهيل نزال.
=880  \\$6250-03/(3/r$aالطبعة الاولى.
=880  \1$6264-04/(3/r$aعمان :$bجهينة للنشر والتوزيع،$c2014.
=994  \\$aC0$bTEF

