=LDR  01469nam a2200325 i 4500
=001  ocm04132108
=003  NNU
=005  20150922023816.0
=008  150922s2009\\\\ae\ah\\\\b\\\\000\0\ara\d
=040  \\$aNNU$cTEF
=066  \\$c(3
=020  \\$a9789961985243
=020  \\$a9961985249
=035  \\$a(OCoLC)921891698
=050  \4$aDT295.3$b.Q26 2009
=049  \\$aZYUU
=100  1\$6880-01$aQandal, Jamāl,$eauthor.
=245  10$6880-02$aKhuṭā Mūrīs wa-Shāl ʻalá al-ḥudūd al-Jazāʼirīyah al-Tūnisīyah wa-al-Maghribīyah wa-taʼthīrātuhumā ʻalá al-thawrah al-Jazāʼirīyah, 1957-1962 /$cal-Ustādh Jamāl Qandal.
=264  \1$6880-03$aal-Jazāʼir :$bWizārat al-Thaqāfah,$c2009.
=300  \\$a310 pages :$billustrations, facsimiles ;$c24 cm
=504  \\$aIncludes bibliographical references.
=600  10$aChalle, Maurice,$d1905-1979.
=600  10$aMaurice, Andre.
=650  \0$aFrench$zAlgeria$xHistory.
=651  \0$aAlgeria$xHistory$yRevolution, 1954-1962.
=852  0\$aNNU$bBOBST$cMAIN$hDT295.3$i.Q26 2009$p31142058154496
=880  1\$6100-01/(3/r$aقندل، جمال،$eauthor.
=880  10$6245-02/(3/r$aخطا موريس وشال على الحدود الجزائرية التونسية والمغربية وتأثيراتهما على الثورة الجزائرية، 1957-1962 /$cالاستاذ جمال قندل.
=880  \1$6264-03/(3/r$aالجزائر :$bوزارة الثقافة،$c2009.
=994  \\$aC0$bTEF

