=LDR  01049nam a2200325 i 4500
=001  ocm04117060
=003  NNU
=005  20150924125419.0
=008  150622s2013\\\\mr\\\\\\\\\\\\000\p\ara\c
=040  \\$aOSU$beng$erda$cOSU
=066  \\$c(3
=020  \\$a9789954213315
=020  \\$a9954213317
=035  \\$a(OCoLC)911268406
=042  \\$apcc
=050  \4$aPJ7946.U23$bA63 2013
=049  \\$aZYUU
=100  1\$6880-01$aMubārak, Najīb,$eauthor.
=245  10$6880-02$aʻAlá marʼy min al-ʻumyān :$bshiʻr /$cNajīb Mubārak.
=264  \1$6880-03$aal-Rabāṭ :$bMarsam,$c2013.
=300  \\$a87 pages ;$c23 cm
=336  \\$atext$btxt$2rdacontent
=337  \\$aunmediated$bn$2rdamedia
=338  \\$avolume$bnc$2rdacarrier
=500  \\$aPoems.
=852  0\$aNNU$bBOBST$cMAIN$hPJ7946.U23$iA63 2013$p31142058146450
=880  1\$6100-01/(3/r$aمبارك، نجيب.
=880  10$6245-02/(3/r$aعلى مرأى من العميان :$bشعر /$cنجيب مبارك.
=880  \1$6264-03/(3/r$aالرباط :$bمرسم،$c2013.
=994  \\$aC0$bTEF

