=LDR  01997cam a2200469 i 4500
=001  ocm04116979
=003  NNU
=005  20150924031850.0
=008  140129s2013\\\\mr\a\\\\\b\\\\000\0\ara\d
=040  \\$aLEILA$beng$erda$cLEILA$dOCLCQ$dNUI$dOCLCF$dEMU$dOCL$dZCU
=066  \\$c(3
=020  \\$a9789954324035
=020  \\$a9954324038
=035  \\$a(OCoLC)869389244
=043  \\$af-mr---$ae-sp---
=050  \4$aDT329.T4$bS43 2013
=049  \\$aZYUU
=100  1\$6880-01$aSharīf, Muḥammad,$eauthor.
=245  10$6880-02$aTiṭwān :$bḥāḍinat al-ḥaḍārah al-Maghribīyah al-Abdalusīyah : wa-abḥāth ukhrá /$cMuḥammad al-Sharīf.
=250  \\$6880-03$aal-Ṭabʻah al-ūlá.
=264  \1$6880-04$a[Titwan] :$bManshūrāt Jamʻīyat Tiṭwan Asamīr,$c[2013]
=300  \\$a242 pages :$billustrations ;$c24 cm
=336  \\$atext$btxt$2rdacontent
=337  \\$aunmediated$bn$2rdamedia
=338  \\$avolume$bnc$2rdacarrier
=504  \\$aIncludes bibliographical references.
=500  \\$aTetouan (Morocco); history.
=651  \0$aTétouan (Morocco)$xHistory.
=651  \0$aTétouan (Morocco)$xCivilization$xForeign influences.
=651  \0$aAndalusia (Spain)$xCivilization.
=650  \7$aCivilization.$2fast$0(OCoLC)fst00862898
=650  \7$aCivilization$xForeign influences.$2fast$0(OCoLC)fst01352360
=651  \7$aMorocco$zTétouan.$2fast$0(OCoLC)fst01216916
=651  \7$aSpain$zAndalusia.$2fast$0(OCoLC)fst01217626
=655  \7$aHistory.$2fast$0(OCoLC)fst01411628
=852  0\$aNNU$bBOBST$cMAIN$hDT329.T4$iS43 2013$p31142058146104
=880  1\$6100-01/(3/r$aشريف، محمد.
=880  10$6245-02/(3/r$aتطوان :$bحاضنة الحضارة المغربية الأندلسية : وأبحاث أخرى /$cمحمد الشريف.
=880  \\$6250-03/(3/r$aالطبعة الاولى.
=880  \1$6264-04/(3/r$a[Titwan] :$bمنشورات جمعية اطاون أسمير،$c[2013]
=938  \\$aLeila Books$bLEIL$n60355
=994  \\$aC0$bN/A

