=LDR  01893cam a2200445 i 4500
=001  ocm04117033
=003  NNU
=005  20150924012109.0
=008  150622s2014\\\\mr\\\\\\\b\\\f000\0\ara\d
=040  \\$aOSU$beng$erda$cOSU$dOSU
=066  \\$c(3
=020  \\$a9789954625071
=020  \\$a9954625070
=035  \\$a(OCoLC)911266313
=043  \\$af-mu---
=050  \4$aHQ696.6$b.H39 2014
=049  \\$aZYUU
=100  1\$6880-01$aḤaysan, Ibrāhīm,$eauthor.
=245  13$6880-02$aal-Zawāj ʻinda mujtamaʻ al-Bayḍān :$bmuqārabah sūsīyū-thaqāfīyah /$cIbrāhīm al-Ḥaysan.
=264  \1$6880-03$a[Rabat] :$bManshūrāt Wizārat al-Thaqāfah,$c2014.
=264  \3$6880-04$a[Rabat] :$bMaṭbaʻat Dār al-Manāhil
=300  \\$a120 pages ;$c23 cm.
=336  \\$atext$btxt$2rdacontent
=337  \\$aunmediated$bn$2rdamedia
=338  \\$avolume$bnc$2rdacarrier
=490  1\$6880-05$aSilsilat abḥāth
=504  \\$aIncludes bibliographical references (pages 112-118).
=650  \0$aMarriage customs and rites$zMauritania.
=650  \0$aIslamic marriage customs and rites$zMauritania.
=651  \0$aMauritania$xSocial life and customs.
=650  \0$aBayḍānīyah (Arab people)$zMauritania.
=830  \0$6880-06$aSilsilat abḥāth (Morocco. Wizārat al-Thaqāfah)
=852  0\$aNNU$bBOBST$cMAIN$hHQ696.6$i.H39 2014$p31142058146443
=880  1\$6100-01/(3/r$aحيسن، إبراهيم.
=880  12$6245-02/(3/r$aالزواج عند مجتمع البيضان :$bمقاربة سوسيو-ثقافية /$cابراهيم الحيسن.
=880  \1$6264-03/(3/r$a[Rabat] :$bمنشورات وزارة الثقافة،$c2014.
=880  \3$6264-04/(3/r$a[Rabat] :$bمطبعة دار المناهل
=880  1\$6490-05/(3/r$aسلسلة ابحاث
=880  \0$6830-06/(3/r$aسلسلة أبحاث (Morocco. وزارة الثقافه)
=994  \\$aC0$bTEF

