=LDR  01986cam a2200493 i 4500
=001  ocm04116993
=003  NNU
=005  20150924011043.0
=008  150522s2014\\\\mr\a\\\\\b\\\\000\0\ara\d
=040  \\$aNLGGC$beng$erda$cNLGGC$dOCLCQ$dOSU$dOCLCF
=066  \\$c(3
=020  \\$a9789954321461
=020  \\$a9954321462
=029  0\$aNLGGC$b393353184
=035  \\$a(OCoLC)909871373
=043  \\$af-mr---
=050  \4$aHV7141$b.H36 2014
=084  \\$a71.65$2bcl
=049  \\$aZYUU
=100  1\$6880-01$aḤamdāwī, Ibrāhīm,$eauthor.
=245  13$6880-02$aal-Jarīmah fī al-mujtamaʻ al-Maghribī :$bdirāsah sūsyūlūjīyah /$cD Ibrāhīm Ḥamdāwī.
=250  \\$6880-03$aal-Ṭabʻah al-thānīyah.
=264  \1$6880-04$aal-Rabāṭ :$bDār al-Qalam,$c2014.
=300  \\$a156 pages :$billustrations ;$c24 cm
=336  \\$atext$btxt$2rdacontent
=337  \\$aunmediated$bn$2rdamedia
=338  \\$avolume$bnc$2rdacarrier
=504  \\$aIncludes bibliographical references (pages 149-154).
=650  \0$aCrime$zMorocco.
=650  \0$aCriminal behavior, Prediction of.
=650  17$aCriminaliteit.$2gtt$0(NL-LeOCL)078477433
=651  \7$aMarokko.$2gtt$0(NL-LeOCL)078584124
=650  \7$aCrime.$2fast$0(OCoLC)fst00882984
=650  \7$aCriminal behavior, Prediction of.$2fast$0(OCoLC)fst00883179
=651  \7$aMorocco.$2fast$0(OCoLC)fst01205592
=852  0\$aNNU$bBOBST$cMAIN$hHV7141$i.H36 2014$p31142058146179
=880  1\$6100-01/(3/r$aحمداوي، ابراهيم.
=880  12$6245-02/(3/r$aالجريمة في المجتمع المغربي :$bدراسة سوسيولوجية /$cد. إبراهيم حمداوي.
=880  \\$6250-03/(3/r$aالطبعة الثانية.
=880  \1$6264-04/(3/r$aالرباط :$bدار القلم,$c2014.
=880  \7$6650-00/(3/r$aالجريمة و المجرمون$2qrmak
=880  \7$6650-00/(3/r$aمكافحة الجريمة$2qrmak
=880  \7$6651-00/(3/r$aالمغرب$2qrmak
=994  \\$aC0$bTEF

