=LDR  02329cam a2200517 i 4500
=001  ocm04116950
=003  NNU
=005  20150924011328.0
=008  150608s2014\\\\mr\a\\\\\b\\\\000\0\ara\d
=040  \\$aOSU$beng$erda$cOSU$dOCLCO$dOCLCF
=066  \\$c(3
=020  \\$a9789954625064
=020  \\$a9954625062
=035  \\$a(OCoLC)910846992
=043  \\$af-mr---
=050  \4$aPN2039$b.S58 2014
=049  \\$aZYUU
=100  1\$6880-01$aShukayr, ʻAbd al-Majīd,$eauthor.
=245  13$6880-02$aal-Ihtimām al-jamālī fī al-masraḥ al-Maghribī :$bmunʻaṭif al-taḥawwul min al-īdīyūlūjī ilá al-jamālī /$cD. , ʻAbd al-Majīd Shukayr.
=264  \1$6880-03$a[Morocco] :$bManshūrat Wizārat al-Thaqāfah,$c2014.
=264  \2$6880-04$a[Rabat] :$bMaṭbaʻat Dār al-Manāhil
=300  \\$a183 pages :$billustrations ;$c23 cm.
=336  \\$atext$btxt$2rdacontent
=337  \\$aunmediated$bn$2rdamedia
=338  \\$avolume$bnc$2rdacarrier
=490  1\$6880-05$aSilsilat dirāsāt
=504  \\$aIncludes bibliographical references (pages 178-181).
=650  \0$aTheater$zMorocco.
=650  \0$aAesthetics.
=650  \0$aArabic drama$zMorocco$xHistory and criticism.
=650  \0$aArabic drama$y20th century$xHistory and criticism.
=650  \7$aAesthetics.$2fast$0(OCoLC)fst00798702
=650  \7$aArabic drama.$2fast$0(OCoLC)fst00812264
=650  \7$aTheater.$2fast$0(OCoLC)fst01149217
=651  \7$aMorocco.$2fast$0(OCoLC)fst01205592
=648  \7$a1900 - 1999$2fast
=655  \7$aCriticism, interpretation, etc.$2fast$0(OCoLC)fst01411635
=830  \0$6880-06$aSilsilat dirāsāt (Morocco. Wizārat al-Thaqāfah)
=852  0\$aNNU$bBOBST$cMAIN$hPN2039$i.S58 2014$p31142058146906
=880  1\$6100-01/(3/r$aشكير، عبد المجيد.
=880  12$6245-02/(3/r$aالاهتمام الجمالي في المسرح المغربي :$bمنعطف التحول من الإيديولوجي إلى الجمالي /$cد. ، عبد المجيد شكير.
=880  \1$6264-03/(3/r$a[Morocco] :$bمنشورة وزارة الثقافة،$c2014.
=880  \2$6264-04/(3/r$a[Rabat] :$bمطبعة دار المناهل
=880  1\$6490-05/(3/r$aسلسلة دراسات
=880  \0$6830-06/(3/r$aسلسلة دراسات (Morocco. وزارة الثقافه)
=994  \\$aC0$bTEF

