=LDR  01673nam a2200421 i 4500
=001  ocm04116949
=003  NNU
=005  20150924125127.0
=008  150630s2013\\\\mr\\\\\\\b\\\\000\0\ara\d
=040  \\$aOSU$beng$erda$cOSU
=066  \\$c(3
=020  \\$z97899549341322895
=035  \\$a(OCoLC)912434259
=043  \\$af-mr---$af-ly---$af-ae---
=050  \4$aG440.A84$bA84 2013
=049  \\$aZYUU
=100  1\$6880-01$aAshūwīkah, Muḥammad,$d1971-
=245  10$6880-02$aAnfās al-jughrāfīyā :$braḥalāt /$cMuḥammad Ashūwīkah ; taqdīm ʻAbd al-Nabī Dhākir.
=250  \\$6880-03$aal-Ṭabʻah al-ūlá.
=264  \1$6880-04$aal-Rabāṭ :$bal-Majāl,$c2013.
=300  \\$a104 pages ;$c22 cm
=336  \\$atext$btxt$2rdacontent
=337  \\$aunmediated$bn$2rdamedia
=338  \\$avolume$bnc$2rdacarrier
=504  \\$aIncludes bibliographical references.
=600  10$aAshūwīkah, Muḥammad,$d1971-$xTravel.
=650  \0$aVoyages and travels.
=651  \0$aMorocco$xDescription and travel.
=651  \0$aTripoli (Libya)$xDescription and travel.
=651  \0$aOran (Algeria)$xDescription and travel.
=700  1\$6880-05$aDhākir, ʻAbd al-Nabī,$ewriter of introduction.
=852  0\$aNNU$bBOBST$cMAIN$hG440.A84$iA84 2013$p31142058146922
=880  1\$6100-01/(3/r$aأشويكة، محمد.
=880  10$6245-02/(3/r$aانفاس الجغرافيا :$bرحلات /$cمحمد اشويكة ؛ تقديم عبد النبي ذاكر.
=880  \\$6250-03/(3/r$aالطبعة الأولى.
=880  \1$6264-04/(3/r$aالرباط :$bالمجال،$c2013.
=880  1\$6700-05/(3/r$aذاكر، عبد النبي.
=994  \\$aC0$bTEF

