=LDR  02292cam a2200505 i 4500
=001  ocm04116996
=003  NNU
=005  20150924125814.0
=008  150604s2013\\\\mr\bh\\\\b\\\\000\0\ara\d
=040  \\$aCUY$beng$erda$cCUY$dCUY$dOSU$dOCLCF
=066  \\$c(3
=020  \\$a9789954330067
=020  \\$a9954330062
=035  \\$a(OCoLC)910679036
=043  \\$af-mr---
=050  \4$aDT328.S6$bH363 2013
=049  \\$aZYUU
=100  1\$6880-01$aḤandāyn, Muḥammad,$eauthor.
=245  13$6880-02$aal-Jihāt al-tārīkhīyah al-kubrá bi-al-Maghrib :$bjihat Sūs al-kabīr, al-qarnayn 17/18 : wathāʼiq ghayr manshūrah /$cal-duktūr Muḥammad Ḥandāyn.
=250  \\$6880-03$aal-Ṭabʻah al-ūlá.
=264  \1$6880-04$a[Agadir] :$bMarkaz al-Dirāsāt wa-al-Amāzīghīyah wa-al-Tārīkhīyah wa-al-Bīʼiyah,$c2013.
=300  \\$a237 pages :$bmaps, facsimiles ;$c21 cm
=336  \\$atext$btxt$2rdacontent
=337  \\$aunmediated$bn$2rdamedia
=338  \\$avolume$bnc$2rdacarrier
=504  \\$aIncludes bibliographical references.
=651  \0$aSous Region (Morocco)$xHistory$vSources.
=651  \0$aMorocco$xHistory$y1516-1830$vSources.
=651  \7$aMorocco.$2fast$0(OCoLC)fst01205592
=651  \7$aMorocco$zSous Region.$2fast$0(OCoLC)fst01253863
=648  \7$a1516 - 1830$2fast
=655  \7$aHistory.$2fast$0(OCoLC)fst01411628
=655  \7$aSources.$2fast$0(OCoLC)fst01423900
=852  0\$aNNU$bBOBST$cMAIN$hDT328.S6$iH363 2013$p31142058147037
=880  1\$6100-01/(3/r$a.حنداين، محمد
=880  12$6245-02/(3/r$aالجهات التاريخية الكبرى بالمغرب :$bجهة سوس الكبير، القرنين 17/18 : وثائق غير منشورة /$cالدكتور محمد حنداين.
=880  \\$6250-03/(3/r$aالطبعة الأولى.
=880  \1$6264-04/(3/r$a[اكادير] :$bمركز الدراسات والأمازيغية والتاريخية والبيئية،$c2013.
=880  \7$6651-00/(3/r$aالمغرب$2qrmak
=880  \7$6651-00/(3/r$aسوس$2qrmak
=880  \7$6648-00/(3/r$aالقرن السابع عشر$2qrmak
=880  \7$6648-00/(3/r$aالقرن الثامن عشر$2qrmak
=880  \7$6655-00/(3/r$aوثائق$2qrmak
=880  \7$6655-00/(3/r$aتاريخ$2qrmak
=994  \\$aC0$bTEF

