=LDR  01772cam a2200445 i 4500
=001  ocm04117032
=003  NNU
=005  20150924125647.0
=008  130916s2013\\\\mr\\\\\\\b\\\\100\0\fre\d
=040  \\$aHLS$beng$erda$cHLS$dOCLCO$dCLU$dOCLCF$dOSU$dOCLCO$dOCL
=066  \\$c(3
=020  \\$a9789954932544
=020  \\$a9954932542
=035  \\$a(OCoLC)888576748
=041  0\$afre$bara
=050  \4$aBD632$b.T46 2013
=049  \\$aZYUU
=245  03$aLe temps :$bapproches pluridisciplinaires = al-Zaman : muqārabāt mutaʻaddidat al-takhaṣṣuṣāt /$ccoordonné par Lahcen Ouasmi, Samira Douider et Majda Rami ; Yves Montenay [and 6 others].
=246  31$6880-01$aZaman :$bmuqārabāt mutaʻaddidat al-takhaṣṣuṣāt
=250  \\$a1ere impression.
=264  \1$aCasablanca :$bUniversité Hassan II, Faculté des lettres et des sciences humaines Ben M'sik,$c2013.
=300  \\$a79, 71 pages ;$c22 cm
=336  \\$atext$btxt$2rdacontent
=337  \\$aunmediated$bn$2rdamedia
=338  \\$avolume$bnc$2rdacarrier
=546  \\$aText in French and Arabic.
=504  \\$aIncludes bibliographical references.
=650  \0$aSpace and time$vCongresses.
=650  \0$aSpace and time in literature$vCongresses.
=650  \7$aSpace and time.$2fast$0(OCoLC)fst01127622
=650  \7$aSpace and time in literature.$2fast$0(OCoLC)fst01127645
=655  \7$aConference papers and proceedings.$2fast$0(OCoLC)fst01423772
=700  1\$aMontenay, Yves,$econtributor.
=700  1\$aOuasmi, Lahcen.
=700  1\$aDouider, Samira.
=700  1\$aRami, Majda.
=752  \\$aMorocco$dCasablanca.
=852  0\$aNNU$bBOBST$cMAIN$hBD632$i.T46 2013$p31142058147011
=880  31$6246-01/(3/r$aزمن :$bمقاربات متعددة التخصصات
=994  \\$aC0$bTEF

