=LDR  02686cam a2200589 i 4500
=001  ocm04117058
=003  NNU
=005  20150924125302.0
=008  150602s2013\\\\mr\aj\\\\b\\\\000\0cara\\
=040  \\$aPAU$beng$erda$cPAU$dOCLCO$dOSU$dOCLCO$dOSU$dOCLCF$dOCLCO
=066  \\$c(3
=020  \\$a9789954927311
=020  \\$a995492731X
=035  \\$a(OCoLC)910555191
=043  \\$af-mr---
=050  \4$aDT329.S68$bL36 2013
=049  \\$aZYUU
=100  1\$6880-01$aLamīn, Mubārak,$eauthor.
=245  14$6880-02$aal-ʻUlamāʼ fī Sūs :$bqaḍāyā wa-aʻlām /$cMubārak Lamīn.
=250  \\$6880-03$aal-Ṭabʻah al-ūlá.
=264  \1$6880-04$aal-Rabāṭ :$bMarkaz Aklū lil-Baḥth wa-al-Tawthīq,$c2013.
=300  \\$a184 pages :$billustrations, genealogical tables ;$c22 cm.
=336  \\$atext$btxt$2rdacontent
=337  \\$aunmediated$bn$2rdamedia
=338  \\$avolume$bnc$2rdacarrier
=490  1\$6880-05$aManshūrāt Markaz Aklū lil-Baḥth wa-al-Tawthīq ;$vraqm 3
=504  \\$aIncludes bibliographical references (pages 175-182).
=650  \0$aUlama$zMorocco$zSous Region$vBiography.
=650  \0$aMuslim scholars$zMorocco$zSous Region$vBiography.
=650  \0$aUlama$zMorocco$zSous Region$xConduct of life.
=650  \0$aMuslim scholars$zMorocco$zSous Region$xConduct of life.
=650  \7$aMuslim scholars.$2fast$0(OCoLC)fst01731774
=650  \7$aMuslim scholars$xConduct of life.$2fast$0(OCoLC)fst01731776
=650  \7$aUlama.$2fast$0(OCoLC)fst01160605
=650  \7$aUlama$xConduct of life.$2fast$0(OCoLC)fst01160607
=651  \7$aMorocco$zSous Region.$2fast$0(OCoLC)fst01253863
=655  \7$aBiography.$2fast$0(OCoLC)fst01423686
=830  \0$6880-06$aManshūrāt Markaz Aklū lil-Baḥth wa-al-Tawthīq ;$vraqm 3.
=852  0\$aNNU$bBOBST$cMAIN$hDT329.S68$iL36 2013$p31142058146625
=880  1\$6100-01/(3/r$aلمين، مبارك.
=880  12$6245-02/(3/r$aالعلماء في سوس :$bقضايا واعلام /$cمبارك لمين.
=880  \\$6250-03/(3/r$aالطبعة الأولى.
=880  \1$6264-04/(3/r$aالرباط :$bمركز أكلو للبحث والتوثيق،$c2013.
=880  1\$6490-05/(3/r$aمنشورات مركز اكلو للبحث والتوثيق ؛$vرقم 3
=880  \7$6650-00/(3/r$aالفقهاء$2qrmak
=880  \7$6650-00/(3/r$aالعلماء$2qrmak
=880  \7$6650-00/(3/r$aالسلوك، أنماط$2qrmak
=880  \7$6651-00/(3/r$aسوس$2qrmak
=880  \7$6651-00/(3/r$aالمغرب$2qrmak
=880  \7$6655-00/(3/r$aتراجم$2qrmak
=880  \0$6830-06/(3/r$aمنشورات مركز اكلو للبحث والتوثيق ؛$vرقم 3.
=994  \\$aC0$bTEF

