=LDR  01937cam a2200445 i 4500
=001  ocm04117000
=003  NNU
=005  20150924122155.0
=008  150513s2013\\\\mr\abh\\\\\\\\000\0darard
=040  \\$aPAU$beng$erda$cPAU$dOSU
=066  \\$c(3
=020  \\$a9789954323670
=020  \\$a9954323678
=035  \\$a(OCoLC)908858882
=043  \\$af-mr---
=050  \4$aDT324$b.A253 2013
=049  \\$aZYUU
=100  1\$6880-01$aAbū Idrīs, Idrīs,$eauthor.
=245  13$6880-02$aal-Ḥarakah al-waṭanīyah wa-al-muqāwamah bi-Miknās (1944-1959) :$bḥaqāʼiq wa-wathāʼiq /$cal-Duktūr Idrīs Abū Idrīs.
=264  \1$6880-03$aal-Muḥammadīyah :$bal-Mataqī Brīntir,$c2013.
=300  \\$a235 pages :$billustrations, maps, facsimiles ;$c22 cm
=336  \\$atext$btxt$2rdacontent
=337  \\$aunmediated$bn$2rdamedia
=338  \\$avolume$bnc$2rdacarrier
=650  \0$aNational liberation movements$zMorocco$zMeknès$xHistory.
=651  \0$aMeknès (Morocco)$xHistory$y20th century.
=650  \0$aNationalism$zMorocco$zMeknès.
=610  20$6880-04$aḤarakah al-Waṭanīyah al-Maghribīyah$vBiography.
=852  0\$aNNU$bBOBST$cMAIN$hDT324$i.A253 2013$p31142058147060
=880  1\$6100-01/(3/r$aأبو إدريس، إدريس.
=880  12$6245-02/(3/r$aالحركة الوطنية والمقاومة بمكناس (1944-1959) :$bحقائق ووثائق /$cالدكتور إدريس أبو إدريس.
=880  \1$6264-03/(3/r$aالمحمدية :$bالمتقي برينتر،$c2013.
=880  \7$6650-00/(3/r$aاحوال السياسية$2qrmak
=880  \7$6650-00/(3/r$aحركات التحرير$2qrmak
=880  \7$6651-00/(3/r$aمكناس$2qrmak
=880  \7$6651-00/(3/r$aالمغرب$2qrmak
=880  24$6610-04/(3/r$aحركة الوطنية المغربية.
=880  \7$6648-00/(3/r$aالعصر الحديث$2qrmak
=880  \7$6655-00/(3/r$aتاريخ$2qrmak
=994  \\$aC0$bTEF

