=LDR  02316cam a2200553 i 4500
=001  ocm04117127
=003  NNU
=005  20150924011949.0
=008  150617s2013\\\\mr\a\\\\\b\\\\000\0bara\c
=040  \\$aOSU$beng$erda$cOSU$dOSU$dOCLCO$dOSU$dOCLCF$dOCLCO
=066  \\$c(3
=020  \\$a9789954325698
=020  \\$a9954325697
=035  \\$a(OCoLC)911137543
=042  \\$apcc
=043  \\$af-mr---
=050  \4$aDT324.92.M6$bM37 2013
=049  \\$aZYUU
=100  1\$6880-01$aMarīnī, ʻAbd al-Ḥaqq,$eauthor.
=245  10$6880-02$aMalḥamat Muḥammad al-Khāmis /$cʻAbd al-Ḥaqq al-Marīnī.
=264  \1$6880-03$a[Morocco] :$bManshūrat Wizārat al-Thaqāfah,$c2013.
=264  \2$6880-04$a[Rabat] :$bMaṭbaʻat Dār al-Manāhil
=300  \\$a109 pages :$bcolor illustrations ;$c23 cm
=336  \\$atext$btxt$2rdacontent
=337  \\$aunmediated$bn$2rdamedia
=338  \\$avolume$bnc$2rdacarrier
=504  \\$aIncludes bibliographical references.
=600  00$6880-05$aMuḥammad$bV,$cKing of Morocco,$d1909-1961.
=651  \0$aMorocco$xKings and rulers$vBiography.
=651  \0$aMorocco$xPolitics and government$y20th century.
=600  07$aMuḥammad$bV,$cKing of Morocco,$d1909-1961.$2fast$0(OCoLC)fst00101799
=650  \7$aKings and rulers.$2fast$0(OCoLC)fst00987694
=650  \7$aPolitics and government.$2fast$0(OCoLC)fst01919741
=651  \7$aMorocco.$2fast$0(OCoLC)fst01205592
=648  \7$a1900 - 1999$2fast
=655  \7$aBiography.$2fast$0(OCoLC)fst01423686
=852  0\$aNNU$bBOBST$cMAIN$hDT324.92.M6$iM37 2013$p31142058146492
=880  1\$6100-01/(3/r$aمريني، عبد الحق.
=880  10$6245-02/(3/r$aملحمة محمد الخامس /$cعبد الحق المريني.
=880  \1$6264-03/(3/r$a[Morocco] :$bمنشورة وزارة الثقافة،$c2013.
=880  \2$6264-04/(3/r$a[Rabat] :$bمطبعة دار المناهل
=880  04$6600-05/(3/r$aمحمد$bالخامس،$cملك المغرب،$d1909-1961.
=880  \7$6651-00/(3/r$aالمغرب$2qrmak
=880  \7$6650-00/(3/r$aأحوال السياسية$2qrmak
=880  \7$6650-00/(3/r$aالملوك$2qrmak
=880  \7$6650-00/(3/r$aالحكام$2qrmak
=880  \7$6648-00/(3/r$aالعصر الحديث$2qrmak
=880  \7$6655-00/(3/r$aتراجم$2qrmak
=994  \\$aC0$bTEF

