=LDR  02644cam a2200565 i 4500
=001  ocm04116985
=003  NNU
=005  20150924013058.0
=008  150612s2013\\\\mr\af\\\\b\\\\000\0bara\d
=040  \\$aOSU$beng$erda$cOSU$dOCLCO$dOSU$dOCLCO
=066  \\$c(3
=020  \\$a9789954514139
=020  \\$a9954514139
=035  \\$a(OCoLC)910966239
=041  0\$aara$beng
=043  \\$af-mr---
=050  \4$aPN3000.M8$bT48 2013
=049  \\$aZYUU
=245  00$6880-01$aThurayā Jubrān :$bdīnāmīyah al-muṣādafah wa-al-ikhtīyār = Touria Jebrane : the dynamics of coincidence and delicate choice /$cmuṣannaf jamāʻī ; ishrāf Muḥammad Bahjājī.
=246  15$aTouria Jebrane :$bthe dynamics of coincidence and delicate choice
=250  \\$6880-02$aal-Ṭabʻah al-ūlá.
=264  \1$6880-03$a[Rabat] :$bal-Markaz al-Duwalī li-Dirāsāt al-Furjah,$c2013.
=300  \\$a156, 50 pages, 16 unnumbered pages of plates :$billustrations ;$c24 cm.
=336  \\$atext$btxt$2rdacontent
=337  \\$aunmediated$bn$2rdamedia
=338  \\$avolume$bnc$2rdacarrier
=490  1\$6880-04$aSilsilat dirāsāt al-furjah ;$v22
=546  \\$aArabic and English.
=504  \\$aIncludes bibliographical references.
=600  10$6880-05$aJubrān, Thurayā,$d1952-
=650  \0$6880-06$aActresses$zMorocco$vBiography.
=650  \0$aTheater$zMorocco$xHistory$y20th century.
=650  \0$aArabic drama$zMorocco$xHistory and criticism.
=700  1\$6880-07$aBahjājī, Muḥammad,$eeditor.
=830  \0$6880-08$aSilsilat dirāsāt al-furjah ;$v22.
=852  0\$aNNU$bBOBST$cMAIN$hPN3000.M8$iT48 2013$p31142058147102
=880  00$6245-01/(3/r$aثريا جبران :$bدينامية المصادفة والاختيار = Touria Jebrane : the dynamics of coincidence and delicate choice /$cمصنف جماعي ؛ إشراف محمد بهجاجي.
=880  \\$6250-02/(3/r$aالطبعة الأولى.
=880  \1$6264-03/(3/r$a[Rabat] :$bالمركز الدولي لدراسات الفرجة،$c2013.
=880  1\$6490-04/(3/r$aسلسلة دراسات الفرجة ؛$v22
=880  10$6600-05/(3/r$aجبران، ثريا،$d1952-
=880  \7$6650-00/(3/r$aالمسرح$2qrmak
=880  \7$6650-00/(3/r$aالممثلون و الممثلات$2qrmak
=880  \7$6650-06/(3/r$aتاريخ و نقد$2qrmak
=880  \7$6651-00/(3/r$aالمغرب$2qrmak
=880  \7$6648-00/(3/r$aالعصر الحديث$2qrmak
=880  \7$6655-00/(3/r$aتاريخ$2qrmak
=880  1\$6700-07/(3/r$aبهجاجي، محمد.
=880  \0$6830-08/(3/r$aسلسلة دراسات الفرجة ؛$v22.
=994  \\$aC0$bTEF

