=LDR  01694nam a2200385 i 4500
=001  ocm04116322
=003  NNU
=005  20150417024735.9
=008  150417s2014\\\\iq\ab\\\\b\\\\000\0\ara\d
=040  \\$aAZS$cAZS$erda$beng
=066  \\$c(3
=020  \\$a9789933495299
=020  \\$a9933495291
=043  \\$amr-----
=050  \4$aDT319$b.M39 2014
=049  \\$aZYUU
=100  1\$6880-01$aMayyāḥ, Mushtāq Kāẓim,$eauthor.
=245  10$6880-02$aMarrākish khilāl ʻaṣr al-Muwaḥḥidīn :$bdirāsah fī al-ḥayāt al-ijtimāʻiyah wa-al-iqtiṣādiyah /$cD. Mushtāq Kāẓim al-Mayyāḥ.
=250  \\$6880-03$aal-Ṭabʻah al-ūlá.
=264  \1$6880-04$aBaghdād :$bDār wa-Maktabat ʻAdnān;$aDimashq :$bṢafaḥāt,$c2014.
=300  \\$a259 pages :$billustrations, maps ;$c24 cm.
=336  \\$atext$btxt$2rdacontent
=337  \\$aunmediated$bn$2rdamedia
=338  \\$avolume$bnc$2rdacarrier
=504  \\$aIncludes bibliographical references.
=651  \0$aMorocco$xHistory$y647-1516.
=650  \0$aAlmohades.
=651  \0$aMarrakech (Morocco : Province)$xHistory.
=651  \0$aMorocco$xSocial conditions$xHistory.
=651  \0$aMorocco$xEconomic conditions$xHistory.
=852  0\$aNNU$bBOBST$cMAIN$hDT319$i.M39 2014$p31142058148357
=880  1\$6100-01/(3/r$aمياح، مشتاق كاظم,$eauthor.
=880  10$6245-02/(3/r$aمراكش خلال عصر الموحدين :$bدراسة في الحياة الاجتماعية والأقتصادية /$cد. مشتاق كاظم المياح.
=880  \\$6250-03/(3/r$aالطبعة الأولى.
=880  \1$6264-04/(3/r$aبغداد :$bدار ومكتبة عدنان؛$aدمشق :$bصفحات،$c2014.

