=LDR  02592cam a2200565 i 4500
=001  ocm04116969
=003  NNU
=005  20150924010538.0
=008  150608s2013\\\\mr\\\\\\\\\\\\000\0\ara\d
=040  \\$aOSU$beng$erda$cOSU$dOCLCO$dOSU$dOCLCO$dOCLCF
=066  \\$c(3
=020  \\$a9789954104446
=020  \\$a9954104445
=035  \\$a(OCoLC)910848434
=043  \\$ama-----$af-mr---$ae-fr---
=050  \4$aKMC974$b.D45 2013
=049  \\$aZYUU
=100  1\$6880-01$aDelmas-Marty, Mireille,$eauthor.
=245  13$6880-02$aal-Taḥawwulāt al-mumkinah lil-siyāsāt al-jināʼīyah al-ʻArabīyah :$bḥiwār /$cMīrāy Dilmās Mārtī, Muḥyī al-Dīn Amzāzī.
=264  \1$6880-03$a[Rabat] :$bal-Majlis al-Waṭanī li-Ḥuqūq al-Insān ;$aCasablanca :$bEditions la Croisée des Chemins,$c2013.
=300  \\$a127 pages ;$c24 cm
=336  \\$atext$btxt$2rdacontent
=337  \\$aunmediated$bn$2rdamedia
=338  \\$avolume$bnc$2rdacarrier
=504  \\$aIncludes bibliographical references.
=650  \0$6880-04$aCriminal law$zArab countries.
=650  \0$aCriminal law$zMorocco.
=650  \0$aCriminal law$zFrance.
=650  \0$aHuman rights.
=650  \0$aArab Spring, 2010-
=611  27$aArab Spring (2010-)$2fast$0(OCoLC)fst01896290
=650  \7$aCriminal law.$2fast$0(OCoLC)fst00883328
=650  \7$aHuman rights.$2fast$0(OCoLC)fst00963285
=651  \7$aArab countries.$2fast$0(OCoLC)fst01240128
=651  \7$aFrance.$2fast$0(OCoLC)fst01204289
=651  \7$aMorocco.$2fast$0(OCoLC)fst01205592
=700  1\$6880-05$aAmzazi, M.$q(Mohieddine),$ejoint author.
=710  1\$aMorocco.$bConseil National des Droits de l'Homme.
=852  0\$aNNU$bBOBST$cMAIN$hKMC974$i.D45 2013$p31142058145957
=880  1\$6100-01/(3/r$a.دلماس-مارتي، ميراي
=880  12$6245-02/(3/r$aالتحولات الممكنة للسياسات الجنائية العربية :$bحوار /$cميراي دلماس مارتي، محيي الدين أمزازي.
=880  \1$6264-03/(3/r$a[Rabat] :$bالمجلس الوطني لحقوق الإنسان ؛$aCasablanca :$bEditions la Croisée des Chemins،$c2013.
=880  \7$6650-00/(3/r$aالقانون الجنائى$2qrmak
=880  \7$6650-04/(3/r$aحقوق الإنسان$2qrmak
=880  \7$6651-00/(3/r$aالمغرب$2qrmak
=880  \7$6651-00/(3/r$aفرنسا$2qrmak
=880  \7$6651-00/(3/r$aالدول العربية$2qrmak
=880  1\$6700-00/(3/r$aأمزازي، م.$q(محيي الدين).
=880  1\$6700-05/(3/r$aأمزازي، م.$q(محيي الدين).
=994  \\$aC0$bTEF

