=LDR  02039cam a2200481 i 4500
=001  ocm04117108
=003  NNU
=005  20150924013357.0
=008  150615s2013\\\\mr\ab\\\\b\\\\000\0\ara\c
=040  \\$aOSU$beng$erda$cOSU$dOSU$dOCLCF
=066  \\$c(3
=035  \\$a(OCoLC)911039987
=042  \\$apcc
=043  \\$af-mr---
=050  \4$aDT329.M3$bB56 2013
=049  \\$aZYUU
=100  1\$6880-01$aBin al-Sharqī, Ḥuṣrī Aḥmad,$eauthor.
=245  10$6880-02$aMarrākush :$bal-majāl wa-al-insān /$cAḥmad Ḥuṣrī bin al-Sharqī.
=250  \\$6880-03$aal-Ṭabʻah al-thānīyah.
=264  \1$6880-04$aal-Dār al-Bayḍāʼ :$bIttiṣṣālāt Sabū ;$aMarrākish :$bMuntadá ibn Tāshfīn,$c2013.
=300  \\$a221 pages :$billustrations, maps ;$c24 cm
=336  \\$atext$btxt$2rdacontent
=337  \\$aunmediated$bn$2rdamedia
=338  \\$avolume$bnc$2rdacarrier
=504  \\$aIncludes bibliographical references (pages 207-208).
=651  \0$aMarrakech (Morocco)$xHistory.
=651  \0$aMarrakech (Morocco)$xGeography.
=651  \0$aMarrakech (Morocco)$xDescription and travel.
=650  \7$aGeography.$2fast$0(OCoLC)fst00940469
=650  \7$aTravel.$2fast$0(OCoLC)fst01155558
=651  \7$aMorocco$zMarrakech.$2fast$0(OCoLC)fst01211165
=655  \7$aHistory.$2fast$0(OCoLC)fst01411628
=852  0\$aNNU$bBOBST$cMAIN$hDT329.M3$iB56 2013$p31142058147417
=880  1\$6100-01/(3/r$aبن الشرقي، حصري أحمد.
=880  10$6245-02/(3/r$aمراكش :$bالمجال والإنسان /$cأحمد حصري بن الشرقي.
=880  \\$6250-03/(3/r$aالطبعة الثانية.
=880  \1$6264-04/(3/r$aالدار البيضاء :$bاتصالات سبو ؛$aمراكش :$bمنتدى بن تاشفين،$c2013.
=880  \7$6651-00/(3/r$aالمغرب$2qrmak
=880  \7$6651-00/(3/r$aمراكش$2qrmak
=880  \7$6650-00/(3/r$aجغرافيا$2qrmak
=880  \7$6650-00/(3/r$aوصف و رحلات$2qrmak
=880  \7$6655-00/(3/r$aتاريخ$2qrmak
=994  \\$aC0$bTEF

