=LDR  02791cam a2200517 i 4500
=001  ocm04117006
=003  NNU
=005  20150924011640.0
=008  150615s2013\\\\mr\\\\\\\b\\\\000\0\ara\d
=040  \\$aOSU$beng$erda$cOSU$dOSU$dOCLCF
=066  \\$c(3
=020  \\$z9879954932575
=035  \\$a(OCoLC)911036064
=041  0\$aara$aheb
=050  \4$aBM729.W6$bF83 2013
=049  \\$aZYUU
=100  1\$6880-01$aFuʼād, Rashīdah,$eauthor.
=245  13$6880-02$aal-Ḥayāh al-usarīyah wa-al-ijtimāʻīyah lil-marʼah al-Yahūdīyah fī nuṣūṣ al-Yahūd al-dīnīyah al-Muqaddasah /$cal-Duktūrah Rashīdah Fuʼād.
=250  \\$6880-03$aal-Ṭabʻah al-ūlá.
=264  \1$6880-04$aal-Dār al-Bayḍāʼ :$bMukhtabar al-Sardīyāt, Kullīyat al-Ādāb wa-al-ʻUlūm al-Insānīyah bi-Namsīk,$c2013.
=300  \\$a236 pages ;$c24 cm.
=336  \\$atext$btxt$2rdacontent
=337  \\$aunmediated$bn$2rdamedia
=338  \\$avolume$bnc$2rdacarrier
=490  1\$6880-05$aMukhtabar al-Sardīyāt wa-al-khiṭāb wa-al-dirāsāt al-muqāranah
=546  \\$aArabic and Hebrew.
=500  \\$6880-06$a"Jāmiʻat al-Ḥasan al-Thānī al-Muḥammadīyah, al-Dār al-Bayḍāʼ"--Cover.
=504  \\$aIncludes bibliographical references (unnumbered page 231-page 233).
=650  \0$aWomen in Judaism.
=650  \0$aWomen$xReligious aspects$xJudaism.
=650  \0$aJewish women$xSocial conditions.
=650  \7$aJewish women$xSocial conditions.$2fast$0(OCoLC)fst00983080
=650  \7$aWomen in Judaism.$2fast$0(OCoLC)fst01177801
=650  \7$aWomen$xReligious aspects$xJudaism.$2fast$0(OCoLC)fst01176918
=830  \0$6880-07$aMukhtabar al-Sardīyāt wa-al-khiṭāb wa-al-dirāsāt al-muqāranah.
=852  0\$aNNU$bBOBST$cMAIN$hBM729.W6$iF83 2013$p31142058146898
=880  1\$6100-01/(3/r$aفؤاد، رشيدة.
=880  12$6245-02/(3/r$aالحياة الأسرية والاجتماعية للمرأة اليهودية في نصوص اليهود الدينية المقدسة /$cالدكتورة رشيدة فؤاد.
=880  \\$6250-03/(3/r$aالطبعة الأولى.
=880  \1$6264-04/(3/r$aالدار البيضاء :$bمختبر السرديات، كلية الاداب والعلوم الانسانية بنمسيك،$c2013.
=880  1\$6490-05/(3/r$aمختبر السرديات والخطاب والدراسات المقارنة
=880  \\$6500-06/(3/r$a"جامعة الحسن الثاني المحمدية، الدار البيضاء"--Cover.
=880  \7$6650-00/(3/r$aالمرأة اليهودية$2qrmak
=880  \7$6650-00/(3/r$aأحوال الإجتماعية$2qrmak
=880  \0$6830-07/(3/r$aمختبر السرديات والخطاب والدراسات المقارنة.
=994  \\$aC0$bTEF

