=LDR  02890cam a2200625 i 4500
=001  ocm04117121
=003  NNU
=005  20150924121201.0
=008  150610s2013\\\\mr\\\\\\\b\\\\000\0\ara\d
=040  \\$aOSU$beng$erda$cOSU$dOCLCO$dOSU$dOCLCF
=066  \\$c(3
=020  \\$a9789954906330
=020  \\$a9954906339
=035  \\$a(OCoLC)910917567
=041  0\$aara$bfre
=043  \\$af-mr---
=050  \4$aAC106$b.A43 2013
=049  \\$aZYUU
=100  1\$6880-01$aAlami, Mourad,$d1952-
=245  10$6880-02$aMaghrib al-taʻaddud :$bMaghribīyah/Tamaghribīyah, ʻArabīyah, Faransīyah : maqālāt = Le Maroc de la diversité : français, arabe, marocain : essais /$cD. Murād ʻAlamī.
=246  15$aMaroc de la diversité :$bfrançais, arabe, marocain : essais
=246  14$6880-03$aMaghrib al-taʻaddud :$bmaqālāt : mujtamaʻ, lughah, thaqāfah, siyāsah
=250  \\$6880-04$aal-Ṭabʻah al-ūlá.
=264  \1$6880-05$a[al-Rabāṭ] :$bMurād ʻAlamī,$c2013.
=264  \2$6880-06$aal-Rabāṭ :$bDār Abī Raqrāq lil-Ṭibāʻah wa-al-Nashr
=300  \\$a315, 94 pages ;$c18 cm
=336  \\$atext$btxt$2rdacontent
=337  \\$aunmediated$bn$2rdamedia
=338  \\$avolume$bnc$2rdacarrier
=546  \\$aText in Arabic and French.
=504  \\$aIncludes bibliographical references.
=500  \\$aEssays.
=651  \0$aMorocco$xSocial conditions$y21st century.
=650  \0$aEthnicity$zMorocco.
=651  \0$aMorocco$xIntellectual life$y21st century.
=651  \0$aMorocco$xPolitics and government$y21st century.
=650  \7$aEthnicity.$2fast$0(OCoLC)fst00916034
=650  \7$aIntellectual life.$2fast$0(OCoLC)fst00975769
=650  \7$aPolitics and government.$2fast$0(OCoLC)fst01919741
=650  \7$aSocial conditions.$2fast$0(OCoLC)fst01919811
=651  \7$aMorocco.$2fast$0(OCoLC)fst01205592
=648  \7$a2000 - 2099$2fast
=852  0\$aNNU$bBOBST$cMAIN$hAC106$i.A43 2013$p31142058147755
=880  1\$6100-01/(3/r$aعلمي، مراد.
=880  10$6245-02/(3/r$aمغرب التعدد :$bمغربية/تمغربية، عربية، فرنسية : مقالات = Le Maroc de la diversité : français, arabe, marocain : essais /$cد. مراد علمي.
=880  14$6246-03/(3/r$aمغرب التعدد :$bمقالات : مجتمع، لغة، ثقافة، سياسة
=880  \\$6250-04/(3/r$aالطبعة الأولى.
=880  \1$6264-05/(3/r$a[الرباط] :$bمراد علمي،$c2013.
=880  \2$6264-06/(3/r$aالرباط :$bدار أبي رقراق للطباعة والنشر
=880  \7$6651-00/(3/r$aالمغرب$2qrmak
=880  \7$6650-00/(3/r$aاحوال الاجتماعية$2qrmak
=880  \7$6650-00/(3/r$aأحوال السياسية$2qrmak
=880  \7$6650-00/(3/r$aالحياة الفكرية$2qrmak
=880  \7$6648-00/(3/r$aالعصر الحديث$2qrmak
=994  \\$aC0$bTEF

