=LDR  01970nam a2200421 i 4500
=001  ocm04117100
=003  NNU
=005  20150924012852.0
=008  150617s2013\\\\mr\ab\\\\b\\\\000\0dara\d
=040  \\$aOSU$beng$erda$cOSU
=066  \\$c(3
=020  \\$a9954319468
=020  \\$a9789954319468
=035  \\$a(OCoLC)911138107
=043  \\$af-mr---
=050  \4$aDT324.92.K365$bN84 2013
=049  \\$aZYUU
=100  1\$6880-01$aNūḥī, Ibrāhīm,$d1932-$eauthor.
=245  10$6880-02$aMuḥammad bin Ḥammū wa-al-Ḥasan al-Thānī wa-asbāb al-indimāj /$cIbrāhīm Nūḥī ; al-mushrifah ʻalá al-kitāb Fāṭimah Nūḥī.
=300  \\$a135 pages :$billustrations (some color), maps ;$c24 cm
=336  \\$atext$btxt$2rdacontent
=337  \\$aunmediated$bn$2rdamedia
=338  \\$avolume$bnc$2rdacarrier
=504  \\$aIncludes bibliographical references.
=600  10$6880-03$aKāmilī, Muḥammad bin Ḥammū,$d1936-
=600  00$6880-04$aHassan$bII,$cKing of Morocco,$d1929-1999.
=610  20$6880-05$aMandūbīyah al-Sāmīyah li-Qudamāʼ al-Muqāwimīn wa-Aʻḍāʼ Jaysh al-Taḥrīr (Morocco)
=651  \0$aMorocco$vBiography.
=651  \0$aMorocco$xHistory$y20th century.
=700  1\$6880-06$aNūḥī, Fāṭimah.
=852  0\$aNNU$bBOBST$cMAIN$hDT324.92.K365$iN84 2013$p31142058147409
=880  1\$6100-01/(3/r$aنوحي، إبراهيم،$d1932-
=880  10$6245-02/(3/r$aمحمد بن حمو والحسن الثاني وأسباب الإندماج /$cإبراهيم نوحي ؛ المشرفة على الكتاب فاطمة نوحي.
=880  14$6600-03/(3/r$aكاملي، محمد بن حمو،$d1936-
=880  04$6600-04/(3/r$aالحسن$bالثاني،$cملك المغرب،$d1929-1999.
=880  24$6610-05/(3/r$aمندوبية السامية لقدماء المقاومين وأعضاء جيش التحرير (Morocco)
=880  1\$6700-06/(3/r$aنوحي، فاطمة.
=994  \\$aC0$bTEF

