=LDR  02837cam a2200565 i 4500
=001  ocm04116963
=003  NNU
=005  20150924010712.0
=008  150608s2013\\\\mr\\\\\\\b\\\\100\0\ara\d
=040  \\$aOSU$beng$erda$cOSU$dOCLCO$dOCLCF
=066  \\$c(3
=020  \\$a9789981911987
=020  \\$a9981911984
=035  \\$a(OCoLC)910850479
=041  0\$aara$bfre
=043  \\$af-mr---
=050  \4$aD16.9$b.T37 2013
=049  \\$aZYUU
=245  03$6880-01$aal-Tārīkh wa-al-siyāsah :$bmuqārabāt wa-qaḍāyā = Histoire et politique /$ctansīq = ʻAbd al-Majīd al-Qaddūrī, Khalīl al-Saʻdānī, Muḥammad Jādūr.
=246  15$aHistoire et politique :$bapporches & objects
=246  3\$aHistoire et politique :$bapporches et objects
=250  \\$6880-02$aal-Ṭabʻah al-ūlá.
=264  \1$6880-03$a[al-Dār al-Bayḍāʼ] :$bManshūrāt al-Mukhtabarāt, Mukhtabar al-Maghrib wa-al-ʻAwālim al-Gharbīyah,$c2013.
=300  \\$a181, 33 pages ;$c24 cm
=336  \\$atext$btxt$2rdacontent
=337  \\$aunmediated$bn$2rdamedia
=338  \\$avolume$bnc$2rdacarrier
=546  \\$aText in Arabic with some articles in French.
=504  \\$aIncludes bibliographical references.
=650  \0$aHistory$xPhilosophy$vCongresses.
=650  \0$aPolitical science$vCongresses.
=651  \0$aMorocco$xPolitics and government$vCongresses.
=650  \7$aHistory$xPhilosophy.$2fast$0(OCoLC)fst00958266
=650  \7$aPolitical science.$2fast$0(OCoLC)fst01069781
=650  \7$aPolitics and government.$2fast$0(OCoLC)fst01919741
=651  \7$aMorocco.$2fast$0(OCoLC)fst01205592
=655  \7$aConference papers and proceedings.$2fast$0(OCoLC)fst01423772
=700  1\$6880-04$aQaddūrī, ʻAbd al-Majīd.
=700  1\$6880-05$aSaadani, Khalil.
=700  1\$6880-06$aJādūr, Muḥammad.
=710  2\$6880-07$aKullīyat al-Ādāb wa-al-ʻUlūm al-Insānīyah bi-Namsīk.$bMukhtabar al-Maghrib wa-al-ʻAwālim al-Gharbīyah,$eissuing body.
=852  0\$aNNU$bBOBST$cMAIN$hD16.9$i.T37 2013$p31142058147557
=880  02$6245-01/(3/r$aالتاريخ والسياسة :$bمقاربات وقضايا = Histoire et politique /$cتنسيق = عبد المجيد القدوري، خليل السعداني، محمد جادور.
=880  \\$6250-02/(3/r$aالطبعة الأولى.
=880  \1$6264-03/(3/r$a[الدار البيضاء] :$bمنشورات المختبرات، مختبر المغرب والعوالم الغربية،$c2013.
=880  1\$6700-04/(3/r$aقدوري، عبد المجيد.
=880  1\$6700-05/(3/r$aسعداني، خليل.
=880  1\$6700-06/(3/r$aجادور، محمد.
=880  2\$6710-07/(3/r$aكلية الآداب والعلوم الإنسانية بنمسيك.$bمختبر المغرب والعوالم الغربية.
=994  \\$aC0$bTEF

