=LDR  02736nam a2200493 i 4500
=001  ocm04116945
=003  NNU
=005  20150924010221.0
=008  140626s2013\\\\mr\ab\\\\b\\\\100\0\ara\c
=040  \\$aCLU$beng$erda$cCLU
=066  \\$c(3
=020  \\$a9789954322802
=020  \\$a9954322809
=035  \\$a(OCoLC)881831332
=042  \\$apcc
=043  \\$af-mr---
=050  \4$aBP188.8.M8$bI44 2013
=049  \\$aZYUU
=245  00$6880-01$aImḥammad bin Sulaymān al-Simlālī al-Jazūlī :$brāʼid al-tajdīd al-Ṣūfī fī Maghrib al-qarn al-tāsiʻ al-Hijrī /$ctansīq Aḥmad Bilqāḍī.
=246  3\$6880-02$aMuḥammad bin Sulaymān al-Simlālī al-Jazūlī
=250  \\$6880-03$aal-Ṭabʻah al-ūlá.
=264  \1$6880-04$aAkādīr, al-Maghrib :$bKullīyat al-Ādāb wa-al-ʻUlūm al-Insānīyah, Jāmiʻat Ibn Zahr,$c2013.
=300  \\$a526 pages :$billustrations (some color), map ;$c24 cm.
=336  \\$atext$2rdacontent
=337  \\$aunmediated$2rdamedia
=338  \\$avolume$2rdacarrier
=490  0\$6880-05$aManshūrāt Kullīyat al-Ādāb wa-al-ʻUlūm al-Insānīyah, Silsilat aʻmāl al-nadawāt
=500  \\$6880-06$a"Nadwat al-Imām al-Shaykh Imḥammad bin Sulaymān al-Jazūlī al-munʻaqidah bi-Kardūs min 19- ilá 31 Mārs 2012"-- Page 16.
=504  \\$aIncludes bibliographical references.
=600  10$6880-07$aJazūlī, Muḥammad ibn Sulaymān,$d-1465$vCongresses.
=650  \0$aSufism$zMorocco$xHistory$vCongresses.
=650  \0$aMuslim scholars$zMorocco$vBiography$vCongresses.
=650  \0$aSufis$zMorocco$vBiography$vCongresses.
=700  1\$6880-08$aBelkadi, Ahmed,$eeditor.
=852  0\$aNNU$bBOBST$cMAIN$hBP188.8.M8$iI44 2013$p31142058146757
=880  00$6245-01/(3/r$aامحمد بن سليمان السملالي الجزولي :$bرائد التجديد الصوفي في مغرب القرن التاسع الهجري /$cتنسيق احمد بلقاضي.
=880  3\$6246-02/(3/r$aمحمد بن سليمان السملالي الجزولي
=880  \\$6250-03/(3/r$aالطبعة الأولى.
=880  \1$6264-04/(3/r$aاكادير، المغرب :$bكلية الاداب والعلوم الانسانية، جامعة ابن زهر،$c2013.
=880  0\$6490-05/(3/r$aمنشورات كلية الاداب والعلوم الانسانية، سلسلة اعمال الندوات
=880  \\$6500-06/(3/r$a"ندوة الامام الشيخ امحمد بن سليمان الجزولي المنعقدة بكردوس من 19 الى 31 مارس 2012" -- Page 16.
=880  10$6600-07/(3/r$aجزولي، محمد بن سليمان،$d-1465.
=880  1\$6700-08/(3/r$aبلقاضي، احمد،
=994  \\$aC0$bTEF

