=LDR  02490cam a2200493 i 4500
=001  ocm04116952
=003  NNU
=005  20150924011819.0
=008  150608s2014\\\\mr\\\\\\\b\\\\100\0\ara\d
=040  \\$aOSU$beng$erda$cOSU$dOSU
=066  \\$c(3
=020  \\$a9789954945926
=020  \\$a995494592X
=035  \\$a(OCoLC)910846008
=043  \\$af-mr---
=050  \4$aPJ8290$b.B39 2014
=049  \\$aZYUU
=110  2\$6880-01$aBayt al-Shiʻr fī al-Maghrib.
=245  13$6880-02$aal-Ūtūbiyūghrāfī fī al-Shiʻr al-Maghribī al-muʻāṣir :$baʻmāl al-dawrah al-akādīmīyah al-sābiʻah li-Bayt al-Shiʻr fī al-Maghrib, Ṭanjah yawmay 25 - 26 Uktūbir 2013 /$c[al-mushārikūn] Ḥasan al-Mawdin [and 14 others].
=250  \\$6880-03$aal-Ṭabʻah al-ūlá.
=264  \1$6880-04$a[Rabaṭ] :$bManshūrāt Bayt al-Shiʻr fī al-Maghrib,$c2014.
=300  \\$a214 pages ;$c23 cm.
=336  \\$atext$btxt$2rdacontent
=337  \\$aunmediated$bn$2rdamedia
=338  \\$avolume$bnc$2rdacarrier
=490  1\$6880-05$aBayt al-Shiʻr fī al-Maghrib. al-dawrah al-akādīmīyah ;$v7
=504  \\$aIncludes bibliographical references.
=650  \0$aArabic poetry$zMorocco$vBiography$vCongresses.
=650  \0$aArabic poetry$y20th century$vBiography$vCongresses.
=700  1\$aMawdin, Ḥasan,$econtributor.
=830  \0$6880-06$aBayt al-Shiʻr fī al-Maghrib ;$v7.
=852  0\$aNNU$bBOBST$cMAIN$hPJ8290$i.B39 2014$p31142058146617
=880  2\$6110-01/(3/r$aبيت الشعر في المغرب.
=880  12$6245-02/(3/r$aالأوتوبيوغرافي في الشعر المغربي المعاصر :$bأعمال الدورة الأكاديمية السابعة لبيت الشعر في المغرب، طنجة يومي 25 - 26 أكتوبر 2013 /$c[المشاركون] حسن المودن [and 14 others].
=880  \\$6250-03/(3/r$aالطبعة الأولى.
=880  \1$6264-04/(3/r$a[Rabat] :$bمنشورات بيت الشعر في المغرب،$c2014.
=880  1\$6490-05/(3/r$aبيت الشعر في المغرب. الدورة الأكاديمية ؛$v7
=880  \7$6650-00/(3/r$aالشعر العربي$2qrmak
=880  \7$6650-00/(3/r$aببليوجرافيات$2qrmak
=880  \7$6651-00/(3/r$aالمغرب$2qrmak
=880  \7$6648-00/(3/r$aالعصر الحديث$2qrmak
=880  \7$6655-00/(3/r$aمؤتمرات و ندوات$2qrmak
=880  \0$6830-06/(3/r$aبيت الشعر في المغرب ؛$v7.
=994  \\$aC0$bTEF

