=LDR  01730cam a2200433 i 4500
=001  ocm04117039
=003  NNU
=005  20150924012609.0
=008  150408s2014\\\\mr\\\\\\\b\\\\000\0\ara\c
=040  \\$aPAU$beng$erda$cPAU$dOSU$dOCLCF
=066  \\$c(3
=035  \\$a(OCoLC)906825476
=042  \\$apcc
=043  \\$af-mr---
=050  \4$aPN1993.5.M8$bB567 2014
=049  \\$aZYUU
=100  1\$6880-01$aBinshalīkhah, Ḥasan,$eauthor.
=245  13$6880-02$aal-Sīnimā al-Maghribīyah wa-al-ʻawlamah /$cḤasan Binshalīkhah.
=250  \\$6880-03$aal-Ṭabʻah al-ūlá.
=264  \1$a[Marrakech] :$b[publisher not identified],$c2014.
=264  \3$6880-04$aMarrākush :$bMaṭbaʻah wa-al-Warāqah al-Waṭanīyah
=300  \\$a231 pages ;$c24 cm
=336  \\$atext$btxt$2rdacontent
=337  \\$aunmediated$bn$2rdamedia
=338  \\$avolume$bnc$2rdacarrier
=504  \\$aIncludes bibliographical references (pages 229-231).
=650  \0$aMotion pictures$zMorocco.
=650  \0$aMotion picture industry$zMorocco.
=650  \0$aMotion pictures and globalization$zMorocco.
=650  \7$aMotion picture industry.$2fast$0(OCoLC)fst01027150
=650  \7$aMotion pictures.$2fast$0(OCoLC)fst01027285
=650  \7$aMotion pictures and globalization.$2fast$0(OCoLC)fst01736340
=651  \7$aMorocco.$2fast$0(OCoLC)fst01205592
=852  0\$aNNU$bBOBST$cMAIN$hPN1993.5.M8$iB567 2014$p31142058146351
=880  1\$6100-01/(3/r$aبنشليخة، حسن.
=880  12$6245-02/(3/r$aالسينما المغربية والعولمة /$cحسن بنشليخة.
=880  \\$6250-03/(3/r$aالطبعة الأولى.
=880  \3$6264-04/(3/r$aمراكش :$bمطبعة والوراقة الوطنية
=994  \\$aC0$bTEF

