=LDR  02712cam a2200529 i 4500
=001  ocm04117090
=003  NNU
=005  20150924031851.0
=008  110413s2013\\\\mr\\\\\\\b\\\\000\0\ara\d
=040  \\$aHLS$beng$erda$cHLS$dOCLCO$dOCLCF$dCUY$dOSU$dOCLCO$dZCU
=066  \\$c(3
=020  \\$a9789981592650
=020  \\$a998159265X
=035  \\$a(OCoLC)873098992
=050  \4$aBP167.5$b.A843 2013
=049  \\$aZYUU
=100  1\$6880-01$aAshʻarī, Abū al-Ḥasan ʻAlī ibn Ismāʻīl,$d873?-935?$eauthor.
=240  10$6880-02$aLumaʻ
=245  10$6880-03$aKitāb al-Lumaʻ fī al-radd ʻalá ahl al-zaygh wa-al-bidaʻ /$clil-Imām Abī al-Ḥasan al-Ashʻarī ; qirāʼat Muḥammad Amīn al-Ismāʻīlī.
=250  \\$6880-04$aal-Ṭabʻah al-ūlá.
=264  \1$6880-05$aal-Rabāṭ :$bKullīyat al-Ādāb wa-al-ʻUlūm al-Insānīyah bi-al-Rabāṭ,$c2013.
=300  \\$a150 pages ;$c24 cm.
=336  \\$atext$btxt$2rdacontent
=337  \\$aunmediated$bn$2rdamedia
=338  \\$avolume$bnc$2rdacarrier
=490  1\$6880-06$aSilsilat nuṣūṣ wa-wathāʼiq ;$vraqm 8
=504  \\$aIncludes bibliographical references (pages 145-146).
=650  \0$aIslam$xDoctrines$vEarly works to 1800.
=650  \0$aAsharites.
=650  \7$aAsharites.$2fast$0(OCoLC)fst00818527
=650  \7$aIslam$xDoctrines.$2fast$0(OCoLC)fst00979787
=655  \7$aEarly works.$2fast$0(OCoLC)fst01411636
=700  1\$6880-07$aIsmāʻīlī, Muḥammad Amīn.
=752  \\$aMorocco$dRabat.
=830  \0$6880-08$aManshūrāt Kullīyat al-Ādāb wa-al-ʻUlūm al-Insānīyah bi-al-Rabāṭ.$pSilsilat nuṣūṣ wa-wathāʼiq ;$vraqm 8.
=852  0\$aNNU$bBOBST$cMAIN$hBP167.5$i.A843 2013$p31142058145981
=880  1\$6100-01/(3/r$aأشعري، أبو الحسن علي بن اسماعيل،$d873?-935?
=880  10$6240-02/(3/r$aلمع
=880  10$6245-03/(3/r$aكتاب اللمع في الرد على اهل الزيغ والبدع /$cللإمام أبي الحسن الأشعري ؛ قراءة محمد أمين الإسماعيلي.
=880  \\$6250-04/(3/r$aالطبعة الأولى.
=880  \1$6264-05/(3/r$aالرباط :$bكلية الاداب والعلوم الانسانية بالرباط،$c2013.
=880  1\$6490-06/(3/r$aسلسلة نصوص ووثائق ؛$vرقم 8
=880  \7$6650-00/(3/r$aالأشاعرة (علم الكلام)$2qrmak
=880  \7$6650-00/(3/r$aعلم الكلام$2qrmak
=880  1\$6700-07/(3/r$aإسماعيلي، محمد أمين.
=880  \0$6830-08/(3/r$aمنشورات كلية الاداب والعلوم الانسانية بالرباط.$pسلسلة نصوص ووثائق ؛$vرقم 8.
=994  \\$aC0$bN/A

