=LDR  02573cam a2200553 i 4500
=001  ocm04117042
=003  NNU
=005  20150924012415.0
=008  150701s2013\\\\mr\a\\\\\b\\\\000\0cara\d
=040  \\$aOSU$beng$erda$cOSU$dOSU$dOCLCF
=066  \\$c(3
=020  \\$a9789954939628
=020  \\$a9954939628
=035  \\$a(OCoLC)912519467
=043  \\$af-mr---
=050  \4$aPJ2395.T37$bH36 2013
=049  \\$aZYUU
=100  1\$6880-01$aḤamdāwī, Jamīl,$eauthor.
=245  13$6880-02$aal-Shiʻr al-Amāzīghī bi-minṭaqat al-Rīf :$banṭūlūjīyā wa-biblīyūghrāfīyā /$cal-Duktūr Jamīl Ḥamdāwī.
=264  \1$6880-03$aal-Rabāṭ :$bManshūrāt Dār al-Rīf lil-Nashr wa-al-Ṭibāʻah wa-al-Tawzīʻ,$c2013.
=300  \\$a103 pages :$billustrations ;$c21 cm
=336  \\$atext$btxt$2rdacontent
=337  \\$aunmediated$bn$2rdamedia
=338  \\$avolume$bnc$2rdacarrier
=504  \\$aIncludes bibliographical references (pages 98-102).
=650  \0$aTamazight poetry$zMorocco$zRif$xHistory and criticism.
=650  \0$aBerber poetry$zMorocco$zRif$xHistory and criticism.
=650  \0$aTamazight language$xHistory and criticism.
=650  \0$aTamazight poetry$zMorocco$zRif$vBiography.
=650  \0$aTamazight poetry$zMorocco$zRif$xHistory and criticism$vBibliography.
=650  \7$aBerber poetry.$2fast$0(OCoLC)fst00830649
=650  \7$aTamazight language.$2fast$0(OCoLC)fst01142399
=650  \7$aTamazight poetry.$2fast$0(OCoLC)fst01142403
=651  \7$aMorocco$zRif.$2fast$0(OCoLC)fst01239012
=655  \7$aBibliography.$2fast$0(OCoLC)fst01423717
=655  \7$aBiography.$2fast$0(OCoLC)fst01423686
=655  \7$aCriticism, interpretation, etc.$2fast$0(OCoLC)fst01411635
=852  0\$aNNU$bBOBST$cMAIN$hPJ2395.T37$iH36 2013$p31142058146260
=880  1\$6100-01/(3/r$aحمداوي، جميل.
=880  12$6245-02/(3/r$aالشعر الأمازيغي بمنطقة الريف :$bانطولوجيا وببليوغرافيا /$cالدكتور جميل حمداوي.
=880  \1$6264-03/(3/r$aالرباط :$bمنشورات دار الريف للنشر والطباعة والتوزيع،$c2013.
=880  \7$6650-00/(3/r$aاللغة الأمازيغية$2qrmak
=880  \7$6650-00/(3/r$aتراجم$2qrmak
=880  \7$6650-00/(3/r$aببليوغرافيا$2qrmak
=880  \7$6650-00/(3/r$aالشعر الأمازيغي$2qrmak
=880  \7$6650-00/(3/r$aتاريخ و نقد$2qrmak
=880  \7$6651-00/(3/r$aالمغرب$2qrmak
=880  \7$6651-00/(3/r$aالريف$2qrmak
=994  \\$aC0$bTEF

