=LDR  03951cam a2200529 i 4500
=001  ocm04117007
=003  NNU
=005  20150924012239.0
=008  150504s2013\\\\mr\\\\\\\b\\\\100\0\ara\d
=040  \\$aYUS$beng$erda$cYUS$dOSU$dOCLCO$dZAP$dOCLCF$dOCLCO
=066  \\$c(3
=020  \\$a9789954916346
=020  \\$a9954916342
=035  \\$a(OCoLC)908339945
=050  \4$aBP173.75$b.K466 2013
=049  \\$aZYUU
=245  03$6880-01$aal-Khidmāt al-mālīyah al-Islāmīyah :$bal-maẓāhir al-sharʻīyah wa-al-qānūn̄yah wa-al-iqtiṣād̄yah : mawāḍīʻ al-Nadwah al-Dawlīyah al-ūlá al-munaẓẓamah min ṭaraf Markaz al-Dirāsāt al-Qānūnīyah wa-al-Iqtiṣādīyah wa-al-Ijtimāʻīyah, Kullīyat al-ʻUlūm al-Qānūnīyah wa-al-Iqtiṣādīyah wa-al-Ijtimāʻīyah, al-Suwaysī, al-Rabāṭ, al-Rabāṭ fī 3 wa-4 Dijanbar 2012 /$ctansīq wa-ishrāf al-Asātidhah D. Muḥammad Naẓīf, D. Muḥammad Akʻabūn, D. ʻUmar al-ʻAsrī.
=250  \\$6880-02$aal-Ṭabʻah al-ūlá.
=264  \1$6880-03$aal-Rabāṭ :$bJāmiʻat Muḥammad al-Khāmis al-Suwaysī, Kullīyat al-ʻUlūm al-Qānūnīyah wa-al-Iqtiṣādīyah wa-al-Ijtimāʻīyah,$c[2013]
=264  \3$6880-04$aal-Rabāṭ :$bMaṭbaʻat al-Maʻārif al-Jadīdah
=300  \\$a445 pages ;$c24 cm
=336  \\$atext$btxt$2rdacontent
=337  \\$aunmediated$bn$2rdamedia
=338  \\$avolume$bnc$2rdacarrier
=500  \\$6880-05$a"Ṣadara fī nafs al-nadwah al-maqālāt al-muqaddamah bi-al-lughatayn al-Faransīyah wa-al-Injilīzīyah"--Page [4] of cover.
=504  \\$aIncludes bibliographical references.
=520  \\$aIslamic economic; finance; Islam; congresses.
=650  \0$aEconomics$xReligious aspects$xIslam$vCongresses.
=650  \7$aEconomics$xReligious aspects$xIslam.$2fast$0(OCoLC)fst00902190
=655  \7$aConference papers and proceedings.$2fast$0(OCoLC)fst01423772
=700  1\$6880-06$aNaẓīf, Muḥammad,$eeditor.
=700  1\$6880-07$aAkaaboune, M.,$eeditor.
=700  1\$6880-08$aʻAsrī, ʻUmar,$eeditor.
=710  2\$6880-09$aJāmiʻat Muḥammad al-Khāmis al-Suwaysī.$bKullīyat al-ʻUlūm al-Qānūnīyah wa-al-Iqtiṣādīyah wa-al-Ijtimāʻīyah al-Suwaysī,$eissuing body.
=852  0\$aNNU$bBOBST$cMAIN$hBP173.75$i.K466 2013$p31142058146427
=880  02$6245-01/(3/r$aالخدمات المالية الإسلامية :$bالمظاهر الشرعية والقانونية والاقتصادية : مواضيع الندوة الدولية الأولى المنظمة من طرف مركز الدراسات القانونية والاقتصادية والاجتماعية، كلية العلوم القانونية والاقتصادية والاجتماعية، السويسي، الرباط، الرباط في 3 و4 دجنبر 2012 /$cتنسيق وإشراف الأساتذة د. محمد نظيف، د. محمد اكعبون، د. عمر العسري.
=880  \\$6250-02/(3/r$aالطبعة الأولى.
=880  \1$6264-03/(3/r$aالرباط :$bجامعة محمد الخامس، كلية العلوم القانونية والاقتصادية والاجتماعية،$c[2013]
=880  \3$6264-04/(3/r$aالرباط :$bمطبعة المعارف الجديدة
=880  \\$6500-05/(3/r$a"صدر في نفس الندوة المقالات المقدمة باللغتين الفرنسية والإنجليزية"--صفحة [4] للغلاف.
=880  \7$6650-00/(3/r$aالاقتصاد الاسلامى$2qrmak
=880  \7$6655-00/(3/r$aمؤتمرات و ندوات$2qrmak
=880  1\$6700-06/(3/r$aنظيف، محمد.
=880  1\$6700-07/(3/r$aأكعبون، محمد.
=880  1\$6700-08/(3/r$aعسري، عمر.
=880  2\$6710-09/(3/r$aجامعة محمد الخامس السويسي.$bكلية العلوم القانونية والاقتصادية والاجتماعية السويسي.
=994  \\$aC0$bTEF

